<?xml version="1.0" encoding="UTF-8"?>
<!DOCTYPE html PUBLIC "-//W3C//DTD XHTML 1.0 Transitional//EN"
    "http://www.w3.org/TR/xhtml1/DTD/xhtml1-transitional.dtd">
<html xmlns="http://www.w3.org/1999/xhtml" xml:lang="en" lang="en">
 <head>
  <title>
</title>
<meta http-equiv="Content-Type" content="text/html;charset=utf-8" />
  <meta name='ocr-system' content='tesseract 3.04.00' />
  <meta name='ocr-capabilities' content='ocr_page ocr_carea ocr_par ocr_line ocrx_word'/>
</head>
<body>
  <div class='ocr_page' id='page_1' title='image "./didascaliaetcon00funkgoog/didascaliaetcon00funkgoog_0520.png"; bbox 0 0 2457 3436; ppageno 0'>
   <div class='ocr_carea' id='block_1_1' title="bbox 726 362 1784 410">
    <p class='ocr_par' dir='ltr' id='par_1_1' title="bbox 726 362 1784 410">
     <span class='ocr_line' id='line_1_1' title="bbox 726 362 1784 410; baseline -0.001 -9"><span class='ocrx_word' id='word_1_1' title='bbox 726 371 989 401; x_wconf 60' lang='lat' dir='ltr'>aros-rotonum</span> <span class='ocrx_word' id='word_1_2' title='bbox 1018 371 1083 407; x_wconf 86' lang='lat' dir='ltr'>vn,</span> <span class='ocrx_word' id='word_1_3' title='bbox 1111 373 1164 410; x_wconf 80' lang='lat'>48,</span> <span class='ocrx_word' id='word_1_4' title='bbox 1187 373 1304 410; x_wconf 79' lang='lat'>5—-45,</span> <span class='ocrx_word' id='word_1_5' title='bbox 1326 374 1358 404; x_wconf 83' lang='lat'>2.</span> <span class='ocrx_word' id='word_1_6' title='bbox 1708 362 1784 401; x_wconf 84' lang='lat'>451</span> 
     </span>
    </p>
   </div>
   <div class='ocr_carea' id='block_1_2' title="bbox 452 466 1792 2078">
    <p class='ocr_par' dir='ltr' id='par_1_2' title="bbox 452 466 1792 2078">
     <span class='ocr_line' id='line_1_2' title="bbox 452 466 1785 522; baseline 0 -14"><span class='ocrx_word' id='word_1_7' title='bbox 452 474 609 509; x_wconf 76' lang='lat' dir='ltr'>&gt;eccato</span> <span class='ocrx_word' id='word_1_8' title='bbox 628 467 850 522; x_wconf 88' lang='lat' dir='ltr'>susciperet.</span> <span class='ocrx_word' id='word_1_9' title='bbox 900 478 937 519; x_wconf 87' lang='lat'>5.</span> <span class='ocrx_word' id='word_1_10' title='bbox 963 466 1095 520; x_wconf 88' lang='lat' dir='ltr'>Ipsum</span> <span class='ocrx_word' id='word_1_11' title='bbox 1117 480 1213 520; x_wconf 87' lang='lat' dir='ltr'>ergo</span> <span class='ocrx_word' id='word_1_12' title='bbox 1234 474 1272 508; x_wconf 91' lang='lat' dir='ltr'>et</span> <span class='ocrx_word' id='word_1_13' title='bbox 1292 481 1396 508; x_wconf 90' lang='lat' dir='ltr'>nunc</span> <span class='ocrx_word' id='word_1_14' title='bbox 1425 468 1583 509; x_wconf 87' lang='lat' dir='ltr'><strong>invocet</strong></span> <span class='ocrx_word' id='word_1_15' title='bbox 1601 467 1785 509; x_wconf 84' lang='lat' dir='ltr'>sacerdos</span> 
     </span>
     <span class='ocr_line' id='line_1_3' title="bbox 452 529 1786 587; baseline 0 -14"><span class='ocrx_word' id='word_1_16' title='bbox 452 529 626 573; x_wconf 63' lang='lat' dir='ltr'>stismixm</span> <span class='ocrx_word' id='word_1_17' title='bbox 646 545 689 573; x_wconf 86' lang='lat' dir='ltr'>ac</span> <span class='ocrx_word' id='word_1_18' title='bbox 707 531 827 573; x_wconf 87' lang='lat' dir='ltr'>dicat:</span> <span class='ocrx_word' id='word_1_19' title='bbox 852 531 1017 586; x_wconf 85' lang='lat' dir='ltr'>Respice</span> <span class='ocrx_word' id='word_1_20' title='bbox 1036 530 1087 572; x_wconf 88' lang='lat' dir='ltr'>de</span> <span class='ocrx_word' id='word_1_21' title='bbox 1107 531 1214 572; x_wconf 91' lang='lat' dir='ltr'>caelo</span> <span class='ocrx_word' id='word_1_22' title='bbox 1235 539 1274 572; x_wconf 89' lang='lat' dir='ltr'>et</span> <span class='ocrx_word' id='word_1_23' title='bbox 1292 530 1488 573; x_wconf 88' lang='lat' dir='ltr'>sanctifica</span> <span class='ocrx_word' id='word_1_24' title='bbox 1508 531 1606 573; x_wconf 88' lang='lat' dir='ltr'>hanc</span> <span class='ocrx_word' id='word_1_25' title='bbox 1627 546 1786 587; x_wconf 85' lang='lat' dir='ltr'>aquam3</span> 
     </span>
     <span class='ocr_line' id='line_1_4' title="bbox 452 595 1785 651; baseline 0.002 -15"><span class='ocrx_word' id='word_1_26' title='bbox 452 612 461 636; x_wconf 72' lang='grc' dir='ltr'>ι</span> <span class='ocrx_word' id='word_1_27' title='bbox 479 597 645 650; x_wconf 80' lang='lat' dir='ltr'>gratiam</span> <span class='ocrx_word' id='word_1_28' title='bbox 664 605 703 639; x_wconf 91' lang='lat' dir='ltr'>et</span> <span class='ocrx_word' id='word_1_29' title='bbox 722 597 918 647; x_wconf 83' lang='lat' dir='ltr'>virtutem,</span> <span class='ocrx_word' id='word_1_30' title='bbox 939 604 994 647; x_wconf 90' lang='lat' dir='ltr'>ut,</span> <span class='ocrx_word' id='word_1_31' title='bbox 1014 597 1080 651; x_wconf 88' lang='lat' dir='ltr'>qui</span> <span class='ocrx_word' id='word_1_32' title='bbox 1096 595 1306 651; x_wconf 84' lang='lat' dir='ltr'>baptizatur</span> <span class='ocrx_word' id='word_1_33' title='bbox 1324 597 1539 645; x_wconf 85' lang='lat' dir='ltr'>secundum</span> <span class='ocrx_word' id='word_1_34' title='bbox 1561 596 1785 639; x_wconf 88' lang='lat' dir='ltr'>mandatum</span> 
     </span>
     <span class='ocr_line' id='line_1_5' title="bbox 473 660 1788 716; baseline 0 -13"><span class='ocrx_word' id='word_1_35' title='bbox 473 663 546 712; x_wconf 88' lang='lat' dir='ltr'>tui,</span> <span class='ocrx_word' id='word_1_36' title='bbox 574 676 663 704; x_wconf 91' lang='lat' dir='ltr'>cum</span> <span class='ocrx_word' id='word_1_37' title='bbox 693 661 836 703; x_wconf 88' lang='lat' dir='ltr'>eodem</span> <span class='ocrx_word' id='word_1_38' title='bbox 865 660 1109 715; x_wconf 86' lang='lat' dir='ltr'>crucifigatur</span> <span class='ocrx_word' id='word_1_39' title='bbox 1144 668 1182 703; x_wconf 91' lang='lat' dir='ltr'>et</span> <span class='ocrx_word' id='word_1_40' title='bbox 1211 662 1494 703; x_wconf 88' lang='lat' dir='ltr'>commoriatur</span> <span class='ocrx_word' id='word_1_41' title='bbox 1528 669 1566 703; x_wconf 83' lang='lat' dir='ltr'>et</span> <span class='ocrx_word' id='word_1_42' title='bbox 1598 676 1788 716; x_wconf 90' lang='lat' dir='ltr'>consepe-</span> 
     </span>
     <span class='ocr_line' id='line_1_6' title="bbox 452 725 1787 781; baseline 0 -13"><span class='ocrx_word' id='word_1_43' title='bbox 452 734 480 768; x_wconf 86' lang='lat' dir='ltr'>.·t</span> <span class='ocrx_word' id='word_1_44' title='bbox 499 726 782 768; x_wconf 86' lang='lat' dir='ltr'>consuscitetur</span> <span class='ocrx_word' id='word_1_45' title='bbox 802 726 841 767; x_wconf 91' lang='lat' dir='ltr'>in</span> <span class='ocrx_word' id='word_1_46' title='bbox 858 725 1131 780; x_wconf 84' lang='lat' dir='ltr'>adoptionem,</span> <span class='ocrx_word' id='word_1_47' title='bbox 1159 739 1258 781; x_wconf 88' lang='lat' dir='ltr'>quae</span> <span class='ocrx_word' id='word_1_48' title='bbox 1287 726 1327 767; x_wconf 89' lang='lat' dir='ltr'>in</span> <span class='ocrx_word' id='word_1_49' title='bbox 1348 740 1397 766; x_wconf 91' lang='lat' dir='ltr'>eo</span> <span class='ocrx_word' id='word_1_50' title='bbox 1427 725 1483 776; x_wconf 88' lang='lat' dir='ltr'>fit,</span> <span class='ocrx_word' id='word_1_51' title='bbox 1512 733 1557 767; x_wconf 90' lang='lat' dir='ltr'>ut</span> <span class='ocrx_word' id='word_1_52' title='bbox 1575 727 1787 780; x_wconf 83' lang='lat' dir='ltr'>perimatur</span> 
     </span>
     <span class='ocr_line' id='line_1_7' title="bbox 452 791 1161 845; baseline -0.003 -12"><span class='ocrx_word' id='word_1_53' title='bbox 452 808 459 832; x_wconf 88' lang='grc' dir='ltr'>ι</span> <span class='ocrx_word' id='word_1_54' title='bbox 488 799 663 845; x_wconf 90' lang='lat' dir='ltr'>peccato,</span> <span class='ocrx_word' id='word_1_55' title='bbox 691 792 795 833; x_wconf 84' lang='lat' dir='ltr'>vivat</span> <span class='ocrx_word' id='word_1_56' title='bbox 822 798 953 833; x_wconf 88' lang='lat' dir='ltr'>autem</span> <span class='ocrx_word' id='word_1_57' title='bbox 982 791 1161 833; x_wconf 85' lang='lat' dir='ltr'>iustitiae.</span> 
     </span>
     <span class='ocr_line' id='line_1_8' title="bbox 452 855 1789 911; baseline -0.001 -14"><span class='ocrx_word' id='word_1_58' title='bbox 452 855 551 897; x_wconf 89' lang='lat' dir='ltr'>LIV.</span> <span class='ocrx_word' id='word_1_59' title='bbox 579 855 627 897; x_wconf 87' lang='lat' dir='ltr'>Et</span> <span class='ocrx_word' id='word_1_60' title='bbox 654 863 745 910; x_wconf 88' lang='lat' dir='ltr'>post</span> <span class='ocrx_word' id='word_1_61' title='bbox 761 855 852 907; x_wconf 88' lang='lat' dir='ltr'>hoc,</span> <span class='ocrx_word' id='word_1_62' title='bbox 882 869 970 897; x_wconf 92' lang='lat' dir='ltr'>cum</span> <span class='ocrx_word' id='word_1_63' title='bbox 999 855 1246 910; x_wconf 68' lang='lat' dir='ltr'><em>baptizaverit</em></span> <span class='ocrx_word' id='word_1_64' title='bbox 1273 869 1355 897; x_wconf 85' lang='lat' dir='ltr'>eum</span> <span class='ocrx_word' id='word_1_65' title='bbox 1376 857 1415 896; x_wconf 83' lang='lat' dir='ltr'>in</span> <span class='ocrx_word' id='word_1_66' title='bbox 1435 857 1580 897; x_wconf 84' lang='lat' dir='ltr'>nomine</span> <span class='ocrx_word' id='word_1_67' title='bbox 1600 857 1725 911; x_wconf 85' lang='lat' dir='ltr'>patris</span> <span class='ocrx_word' id='word_1_68' title='bbox 1755 864 1789 897; x_wconf 79' lang='lat' dir='ltr'>et</span> 
     </span>
     <span class='ocr_line' id='line_1_9' title="bbox 458 920 1789 976; baseline 0 -14"><span class='ocrx_word' id='word_1_69' title='bbox 458 922 611 976; x_wconf 80' lang='lat' dir='ltr'>spiritus</span> <span class='ocrx_word' id='word_1_70' title='bbox 628 922 762 971; x_wconf 81' lang='lat' dir='ltr'>sancti,</span> <span class='ocrx_word' id='word_1_71' title='bbox 790 921 884 962; x_wconf 89' lang='lat' dir='ltr'>linat</span> <span class='ocrx_word' id='word_1_72' title='bbox 903 927 1107 975; x_wconf 88' lang='lat' dir='ltr'>unguento</span> <span class='ocrx_word' id='word_1_73' title='bbox 1136 934 1180 962; x_wconf 89' lang='lat' dir='ltr'>ac</span> <span class='ocrx_word' id='word_1_74' title='bbox 1200 920 1318 962; x_wconf 90' lang='lat' dir='ltr'>dicat:</span> <span class='ocrx_word' id='word_1_75' title='bbox 1359 933 1382 962; x_wconf 89' lang='lat'><strong>2</strong></span> <span class='ocrx_word' id='word_1_76' title='bbox 1405 920 1591 975; x_wconf 88' lang='lat' dir='ltr'><strong>(XLIV).</strong></span> <span class='ocrx_word' id='word_1_77' title='bbox 1612 921 1789 962; x_wconf 86' lang='lat' dir='ltr'>Domine</span> 
     </span>
     <span class='ocr_line' id='line_1_10' title="bbox 452 985 1788 1041; baseline 0 -14"><span class='ocrx_word' id='word_1_78' title='bbox 452 986 514 1041; x_wconf 83' lang='lat' dir='ltr'>qui</span> <span class='ocrx_word' id='word_1_79' title='bbox 532 986 730 1040; x_wconf 86' lang='lat' dir='ltr'>ingenitus</span> <span class='ocrx_word' id='word_1_80' title='bbox 750 1000 792 1027; x_wconf 90' lang='lat' dir='ltr'>es</span> <span class='ocrx_word' id='word_1_81' title='bbox 810 994 849 1027; x_wconf 89' lang='lat' dir='ltr'>et</span> <span class='ocrx_word' id='word_1_82' title='bbox 868 985 1074 1027; x_wconf 90' lang='lat' dir='ltr'>dominum</span> <span class='ocrx_word' id='word_1_83' title='bbox 1096 999 1178 1027; x_wconf 91' lang='lat' dir='ltr'>non</span> <span class='ocrx_word' id='word_1_84' title='bbox 1199 985 1328 1036; x_wconf 84' lang='lat' dir='ltr'>habes,</span> <span class='ocrx_word' id='word_1_85' title='bbox 1353 986 1435 1039; x_wconf 85' lang='lat' dir='ltr'>ipse</span> <span class='ocrx_word' id='word_1_86' title='bbox 1455 987 1635 1027; x_wconf 90' lang='lat' dir='ltr'>omnium</span> <span class='ocrx_word' id='word_1_87' title='bbox 1661 986 1788 1027; x_wconf 87' lang='lat' dir='ltr'>domi·</span> 
     </span>
     <span class='ocr_line' id='line_1_11' title="bbox 452 1050 1788 1105; baseline 0.001 -14"><span class='ocrx_word' id='word_1_88' title='bbox 452 1052 475 1091; x_wconf 81' lang='lat' dir='ltr'>ii</span> <span class='ocrx_word' id='word_1_89' title='bbox 494 1050 661 1093; x_wconf 89' lang='lat' dir='ltr'>odorem</span> <span class='ocrx_word' id='word_1_90' title='bbox 681 1051 923 1104; x_wconf 86' lang='lat' dir='ltr'><strong>cognitionis</strong></span> <span class='ocrx_word' id='word_1_91' title='bbox 943 1050 1133 1105; x_wconf 85' lang='lat' dir='ltr'>evangelii</span> <span class='ocrx_word' id='word_1_92' title='bbox 1153 1051 1193 1092; x_wconf 93' lang='lat' dir='ltr'>in</span> <span class='ocrx_word' id='word_1_93' title='bbox 1212 1050 1396 1092; x_wconf 91' lang='lat' dir='ltr'>omnibus</span> <span class='ocrx_word' id='word_1_94' title='bbox 1422 1050 1603 1104; x_wconf 90' lang='lat' dir='ltr'>gentibus</span> <span class='ocrx_word' id='word_1_95' title='bbox 1627 1065 1788 1092; x_wconf 86' lang='lat' dir='ltr'>suavem</span> 
     </span>
     <span class='ocr_line' id='line_1_12' title="bbox 452 1114 1788 1169; baseline -0.001 -12"><span class='ocrx_word' id='word_1_96' title='bbox 452 1116 526 1166; x_wconf 84' lang='lat' dir='ltr'>isti3</span> <span class='ocrx_word' id='word_1_97' title='bbox 560 1123 602 1157; x_wconf 91' lang='lat' dir='ltr'>tu</span> <span class='ocrx_word' id='word_1_98' title='bbox 631 1123 670 1157; x_wconf 90' lang='lat' dir='ltr'>et</span> <span class='ocrx_word' id='word_1_99' title='bbox 698 1130 803 1157; x_wconf 91' lang='lat' dir='ltr'>nunc</span> <span class='ocrx_word' id='word_1_100' title='bbox 829 1123 993 1169; x_wconf 82' lang='lat' dir='ltr'>praesta,</span> <span class='ocrx_word' id='word_1_101' title='bbox 1026 1123 1068 1157; x_wconf 90' lang='lat' dir='ltr'>ut</span> <span class='ocrx_word' id='word_1_102' title='bbox 1097 1115 1174 1157; x_wconf 91' lang='lat' dir='ltr'>hoc</span> <span class='ocrx_word' id='word_1_103' title='bbox 1202 1123 1447 1169; x_wconf 87' lang='lat' dir='ltr'>unguentum</span> <span class='ocrx_word' id='word_1_104' title='bbox 1484 1114 1617 1157; x_wconf 85' lang='lat' dir='ltr'>efficax</span> <span class='ocrx_word' id='word_1_105' title='bbox 1653 1115 1720 1157; x_wconf 88' lang='lat' dir='ltr'>fiat</span> <span class='ocrx_word' id='word_1_106' title='bbox 1749 1116 1788 1156; x_wconf 90' lang='lat' dir='ltr'>in</span> 
     </span>
     <span class='ocr_line' id='line_1_13' title="bbox 452 1179 1789 1235; baseline -0.001 -13"><span class='ocrx_word' id='word_1_107' title='bbox 452 1188 507 1230; x_wconf 88' lang='lat' dir='ltr'>to,</span> <span class='ocrx_word' id='word_1_108' title='bbox 542 1194 622 1235; x_wconf 91' lang='lat' dir='ltr'>quo</span> <span class='ocrx_word' id='word_1_109' title='bbox 651 1180 763 1222; x_wconf 86' lang='lat' dir='ltr'>firma</span> <span class='ocrx_word' id='word_1_110' title='bbox 792 1188 831 1223; x_wconf 88' lang='lat' dir='ltr'>et</span> <span class='ocrx_word' id='word_1_111' title='bbox 857 1180 1001 1222; x_wconf 86' lang='lat' dir='ltr'>stabilis</span> <span class='ocrx_word' id='word_1_112' title='bbox 1038 1188 1193 1222; x_wconf 88' lang='lat' dir='ltr'>maneat</span> <span class='ocrx_word' id='word_1_113' title='bbox 1221 1182 1261 1222; x_wconf 91' lang='lat' dir='ltr'>in</span> <span class='ocrx_word' id='word_1_114' title='bbox 1296 1182 1382 1235; x_wconf 91' lang='lat' dir='ltr'>ipso</span> <span class='ocrx_word' id='word_1_115' title='bbox 1411 1179 1616 1234; x_wconf 81' lang='lat' dir='ltr'><strong>fragrantia</strong></span> <span class='ocrx_word' id='word_1_116' title='bbox 1644 1180 1789 1222; x_wconf 89' lang='lat' dir='ltr'><strong>Christi</strong></span> 
     </span>
     <span class='ocr_line' id='line_1_14' title="bbox 452 1245 1791 1299; baseline 0 -12"><span class='ocrx_word' id='word_1_117' title='bbox 452 1246 470 1286; x_wconf 46' lang='lat' dir='ltr'>ri</span> <span class='ocrx_word' id='word_1_118' title='bbox 496 1246 579 1299; x_wconf 86' lang='lat' dir='ltr'>ipse</span> <span class='ocrx_word' id='word_1_119' title='bbox 608 1253 880 1287; x_wconf 87' lang='lat' dir='ltr'>commortuus</span> <span class='ocrx_word' id='word_1_120' title='bbox 909 1247 1194 1287; x_wconf 85' lang='lat' dir='ltr'>consuscitetur</span> <span class='ocrx_word' id='word_1_121' title='bbox 1222 1259 1266 1287; x_wconf 82' lang='lat' dir='ltr'>ac</span> <span class='ocrx_word' id='word_1_122' title='bbox 1297 1246 1491 1287; x_wconf 89' lang='lat' dir='ltr'>convivat.</span> <span class='ocrx_word' id='word_1_123' title='bbox 1550 1259 1586 1299; x_wconf 88' lang='lat'>3.</span> <span class='ocrx_word' id='word_1_124' title='bbox 1615 1245 1722 1287; x_wconf 83' lang='lat' dir='ltr'>Haec</span> <span class='ocrx_word' id='word_1_125' title='bbox 1751 1253 1791 1287; x_wconf 90' lang='lat' dir='ltr'>et</span> 
     </span>
     <span class='ocr_line' id='line_1_15' title="bbox 453 1309 1789 1364; baseline 0.001 -14"><span class='ocrx_word' id='word_1_126' title='bbox 453 1317 665 1351; x_wconf 87' lang='lat' dir='ltr'>nsentanea</span> <span class='ocrx_word' id='word_1_127' title='bbox 702 1309 882 1364; x_wconf 87' lang='lat' dir='ltr'>proferat.</span> <span class='ocrx_word' id='word_1_128' title='bbox 950 1310 1052 1351; x_wconf 84' lang='lat' dir='ltr'>Nam</span> <span class='ocrx_word' id='word_1_129' title='bbox 1091 1310 1187 1352; x_wconf 85' lang='lat' dir='ltr'>haec</span> <span class='ocrx_word' id='word_1_130' title='bbox 1223 1318 1281 1351; x_wconf 90' lang='lat' dir='ltr'>est</span> <span class='ocrx_word' id='word_1_131' title='bbox 1319 1318 1490 1364; x_wconf 87' lang='lat' dir='ltr'>potestas</span> <span class='ocrx_word' id='word_1_132' title='bbox 1526 1311 1789 1364; x_wconf 89' lang='lat' dir='ltr'>impositionis</span> 
     </span>
     <span class='ocr_line' id='line_1_16' title="bbox 453 1374 1788 1430; baseline 0 -14"><span class='ocrx_word' id='word_1_133' title='bbox 453 1388 491 1416; x_wconf 91' lang='lat' dir='ltr'>m</span> <span class='ocrx_word' id='word_1_134' title='bbox 513 1375 721 1429; x_wconf 89' lang='lat' dir='ltr'>unicuique</span> <span class='ocrx_word' id='word_1_135' title='bbox 749 1374 889 1426; x_wconf 82' lang='lat' dir='ltr'>factae3</span> <span class='ocrx_word' id='word_1_136' title='bbox 919 1375 993 1415; x_wconf 92' lang='lat' dir='ltr'>nisi</span> <span class='ocrx_word' id='word_1_137' title='bbox 1012 1375 1117 1416; x_wconf 91' lang='lat' dir='ltr'>enim</span> <span class='ocrx_word' id='word_1_138' title='bbox 1148 1376 1187 1415; x_wconf 90' lang='lat' dir='ltr'>in</span> <span class='ocrx_word' id='word_1_139' title='bbox 1214 1374 1523 1430; x_wconf 88' lang='lat' dir='ltr'>unumquodque</span> <span class='ocrx_word' id='word_1_140' title='bbox 1543 1389 1679 1416; x_wconf 90' lang='lat' dir='ltr'>eorum</span> <span class='ocrx_word' id='word_1_141' title='bbox 1704 1375 1788 1416; x_wconf 89' lang='lat' dir='ltr'>talis</span> 
     </span>
     <span class='ocr_line' id='line_1_17' title="bbox 452 1439 1790 1493; baseline 0.001 -13"><span class='ocrx_word' id='word_1_142' title='bbox 452 1453 506 1480; x_wconf 71' lang='lat' dir='ltr'>im</span> <span class='ocrx_word' id='word_1_143' title='bbox 537 1439 734 1481; x_wconf 78' lang='lat' dir='ltr'><strong>invocatio</strong></span> <span class='ocrx_word' id='word_1_144' title='bbox 763 1453 784 1480; x_wconf 93' lang='lat' dir='ltr'>a</span> <span class='ocrx_word' id='word_1_145' title='bbox 813 1440 879 1493; x_wconf 92' lang='lat' dir='ltr'>pio</span> <span class='ocrx_word' id='word_1_146' title='bbox 906 1439 1111 1481; x_wconf 86' lang='lat' dir='ltr'>sacerdote</span> <span class='ocrx_word' id='word_1_147' title='bbox 1140 1439 1375 1490; x_wconf 81' lang='lat' dir='ltr'>adhibeatur,</span> <span class='ocrx_word' id='word_1_148' title='bbox 1405 1440 1469 1493; x_wconf 90' lang='lat' dir='ltr'>qui</span> <span class='ocrx_word' id='word_1_149' title='bbox 1498 1439 1721 1493; x_wconf 86' lang='lat' dir='ltr'>baptizatur,</span> <span class='ocrx_word' id='word_1_150' title='bbox 1751 1440 1790 1481; x_wconf 93' lang='lat' dir='ltr'>in</span> 
     </span>
     <span class='ocr_line' id='line_1_18' title="bbox 475 1504 1791 1558; baseline 0 -13"><span class='ocrx_word' id='word_1_151' title='bbox 475 1511 628 1545; x_wconf 89' lang='lat' dir='ltr'>tanturn</span> <span class='ocrx_word' id='word_1_152' title='bbox 663 1504 876 1555; x_wconf 87' lang='lat' dir='ltr'>descendit,</span> <span class='ocrx_word' id='word_1_153' title='bbox 914 1511 957 1546; x_wconf 85' lang='lat' dir='ltr'>ut</span> <span class='ocrx_word' id='word_1_154' title='bbox 989 1504 1133 1555; x_wconf 90' lang='lat' dir='ltr'>Iudaei,</span> <span class='ocrx_word' id='word_1_155' title='bbox 1170 1512 1209 1547; x_wconf 91' lang='lat' dir='ltr'>et</span> <span class='ocrx_word' id='word_1_156' title='bbox 1244 1506 1420 1558; x_wconf 87' lang='lat' dir='ltr'>corporis</span> <span class='ocrx_word' id='word_1_157' title='bbox 1455 1511 1606 1546; x_wconf 90' lang='lat' dir='ltr'>tantum</span> <span class='ocrx_word' id='word_1_158' title='bbox 1640 1504 1791 1555; x_wconf 87' lang='lat' dir='ltr'>sordes,</span> 
     </span>
     <span class='ocr_line' id='line_1_19' title="bbox 452 1569 930 1623; baseline 0 -13"><span class='ocrx_word' id='word_1_159' title='bbox 452 1577 544 1610; x_wconf 83' lang='lat' dir='ltr'>item</span> <span class='ocrx_word' id='word_1_160' title='bbox 574 1570 728 1611; x_wconf 82' lang='lat' dir='ltr'>animae</span> <span class='ocrx_word' id='word_1_161' title='bbox 756 1569 930 1623; x_wconf 87' lang='lat' dir='ltr'><strong>deponit.</strong></span> 
     </span>
     <span class='ocr_line' id='line_1_20' title="bbox 452 1633 1792 1689; baseline 0 -14"><span class='ocrx_word' id='word_1_162' title='bbox 452 1633 535 1676; x_wconf 86' lang='lat' dir='ltr'>LV.</span> <span class='ocrx_word' id='word_1_163' title='bbox 564 1634 660 1675; x_wconf 87' lang='lat' dir='ltr'><strong>Post</strong></span> <span class='ocrx_word' id='word_1_164' title='bbox 689 1634 765 1676; x_wconf 87' lang='lat' dir='ltr'>hoc</span> <span class='ocrx_word' id='word_1_165' title='bbox 784 1641 891 1676; x_wconf 88' lang='lat' dir='ltr'>stans</span> <span class='ocrx_word' id='word_1_166' title='bbox 920 1633 1022 1676; x_wconf 84' lang='lat' dir='ltr'>dicat</span> <span class='ocrx_word' id='word_1_167' title='bbox 1040 1634 1275 1684; x_wconf 87' lang='lat' dir='ltr'>orationem,</span> <span class='ocrx_word' id='word_1_168' title='bbox 1305 1648 1420 1689; x_wconf 88' lang='lat' dir='ltr'>quam</span> <span class='ocrx_word' id='word_1_169' title='bbox 1452 1634 1584 1675; x_wconf 89' lang='lat' dir='ltr'>docuit</span> <span class='ocrx_word' id='word_1_170' title='bbox 1613 1648 1688 1676; x_wconf 90' lang='lat' dir='ltr'>nos</span> <span class='ocrx_word' id='word_1_171' title='bbox 1708 1634 1792 1675; x_wconf 92' lang='lat' dir='ltr'>Do·</span> 
     </span>
     <span class='ocr_line' id='line_1_21' title="bbox 501 1698 1790 1754; baseline -0.001 -14"><span class='ocrx_word' id='word_1_172' title='bbox 501 1699 735 1741; x_wconf 90' lang='lat' dir='ltr'>Necessario</span> <span class='ocrx_word' id='word_1_173' title='bbox 771 1706 914 1749; x_wconf 87' lang='lat' dir='ltr'>autem,</span> <span class='ocrx_word' id='word_1_174' title='bbox 949 1699 1015 1754; x_wconf 89' lang='lat' dir='ltr'>qui</span> <span class='ocrx_word' id='word_1_175' title='bbox 1050 1700 1268 1750; x_wconf 77' lang='lat' dir='ltr'>resurrexit,</span> <span class='ocrx_word' id='word_1_176' title='bbox 1304 1698 1420 1740; x_wconf 90' lang='lat' dir='ltr'>debet</span> <span class='ocrx_word' id='word_1_177' title='bbox 1454 1706 1554 1741; x_wconf 85' lang='lat' dir='ltr'>stare</span> <span class='ocrx_word' id='word_1_178' title='bbox 1590 1705 1628 1740; x_wconf 89' lang='lat' dir='ltr'>et</span> <span class='ocrx_word' id='word_1_179' title='bbox 1666 1712 1790 1749; x_wconf 91' lang='lat' dir='ltr'>orare,</span> 
     </span>
     <span class='ocr_line' id='line_1_22' title="bbox 452 1764 1791 1819; baseline 0.001 -14"><span class='ocrx_word' id='word_1_180' title='bbox 452 1778 505 1814; x_wconf 83' lang='lat' dir='ltr'>m,</span> <span class='ocrx_word' id='word_1_181' title='bbox 545 1765 610 1819; x_wconf 88' lang='lat' dir='ltr'>qui</span> <span class='ocrx_word' id='word_1_182' title='bbox 648 1765 830 1818; x_wconf 81' lang='lat' dir='ltr'>exsurgit,</span> <span class='ocrx_word' id='word_1_183' title='bbox 867 1771 1018 1806; x_wconf 88' lang='lat' dir='ltr'>erectus</span> <span class='ocrx_word' id='word_1_184' title='bbox 1047 1771 1123 1815; x_wconf 89' lang='lat' dir='ltr'>est;</span> <span class='ocrx_word' id='word_1_185' title='bbox 1159 1770 1199 1806; x_wconf 89' lang='lat' dir='ltr'>et</span> <span class='ocrx_word' id='word_1_186' title='bbox 1227 1765 1308 1818; x_wconf 91' lang='lat' dir='ltr'>ipse</span> <span class='ocrx_word' id='word_1_187' title='bbox 1338 1765 1467 1817; x_wconf 87' lang='lat' dir='ltr'>igitur,</span> <span class='ocrx_word' id='word_1_188' title='bbox 1499 1764 1563 1818; x_wconf 92' lang='lat' dir='ltr'>qui</span> <span class='ocrx_word' id='word_1_189' title='bbox 1593 1778 1668 1805; x_wconf 89' lang='lat' dir='ltr'>una</span> <span class='ocrx_word' id='word_1_190' title='bbox 1698 1778 1791 1806; x_wconf 88' lang='lat' dir='ltr'>cum</span> 
     </span>
     <span class='ocr_line' id='line_1_23' title="bbox 452 1828 1792 1880; baseline -0.001 -10"><span class='ocrx_word' id='word_1_191' title='bbox 452 1842 465 1869; x_wconf 72' lang='lat'>³</span> <span class='ocrx_word' id='word_1_192' title='bbox 493 1836 673 1870; x_wconf 91' lang='lat' dir='ltr'>mortuus</span> <span class='ocrx_word' id='word_1_193' title='bbox 703 1836 762 1870; x_wconf 92' lang='lat' dir='ltr'>est</span> <span class='ocrx_word' id='word_1_194' title='bbox 788 1843 832 1870; x_wconf 92' lang='lat' dir='ltr'>ac</span> <span class='ocrx_word' id='word_1_195' title='bbox 860 1830 1080 1880; x_wconf 83' lang='lat' dir='ltr'>resurrexit,</span> <span class='ocrx_word' id='word_1_196' title='bbox 1108 1836 1196 1871; x_wconf 88' lang='lat' dir='ltr'>stat.</span> <span class='ocrx_word' id='word_1_197' title='bbox 1246 1841 1282 1870; x_wconf 92' lang='lat'>2.</span> <span class='ocrx_word' id='word_1_198' title='bbox 1312 1828 1496 1870; x_wconf 89' lang='lat' dir='ltr'>Precetur</span> <span class='ocrx_word' id='word_1_199' title='bbox 1514 1842 1610 1870; x_wconf 88' lang='lat' dir='ltr'>vero</span> <span class='ocrx_word' id='word_1_200' title='bbox 1639 1828 1687 1870; x_wconf 87' lang='lat' dir='ltr'>ad</span> <span class='ocrx_word' id='word_1_201' title='bbox 1716 1830 1792 1870; x_wconf 90' lang='lat' dir='ltr'>ori-</span> 
     </span>
     <span class='ocr_line' id='line_1_24' title="bbox 452 1893 1791 1949; baseline -0.001 -14"><span class='ocrx_word' id='word_1_202' title='bbox 452 1910 459 1943; x_wconf 82' lang='lat'>;</span> <span class='ocrx_word' id='word_1_203' title='bbox 477 1895 621 1935; x_wconf 82' lang='lat' dir='ltr'>etenim</span> <span class='ocrx_word' id='word_1_204' title='bbox 644 1894 720 1935; x_wconf 88' lang='lat' dir='ltr'>boc</span> <span class='ocrx_word' id='word_1_205' title='bbox 739 1908 895 1949; x_wconf 88' lang='lat' dir='ltr'>quoque</span> <span class='ocrx_word' id='word_1_206' title='bbox 914 1894 1100 1949; x_wconf 85' lang='lat' dir='ltr'>scripturn</span> <span class='ocrx_word' id='word_1_207' title='bbox 1121 1901 1179 1935; x_wconf 89' lang='lat' dir='ltr'>est</span> <span class='ocrx_word' id='word_1_208' title='bbox 1199 1894 1238 1935; x_wconf 93' lang='lat' dir='ltr'>in</span> <span class='ocrx_word' id='word_1_209' title='bbox 1258 1893 1433 1935; x_wconf 90' lang='lat' dir='ltr'>secundo</span> <span class='ocrx_word' id='word_1_210' title='bbox 1447 1893 1791 1947; x_wconf 87' lang='lat' dir='ltr'>Paralipomenon,</span> 
     </span>
     <span class='ocr_line' id='line_1_25' title="bbox 455 1958 1790 2014; baseline 0 -15"><span class='ocrx_word' id='word_1_211' title='bbox 455 1967 660 2014; x_wconf 84' lang='lat' dir='ltr'>postquam</span> <span class='ocrx_word' id='word_1_212' title='bbox 681 1959 871 2013; x_wconf 88' lang='lat' dir='ltr'>templum</span> <span class='ocrx_word' id='word_1_213' title='bbox 893 1959 1056 2000; x_wconf 89' lang='lat' dir='ltr'>Domini</span> <span class='ocrx_word' id='word_1_214' title='bbox 1077 1973 1098 1999; x_wconf 83' lang='lat' dir='ltr'>a</span> <span class='ocrx_word' id='word_1_215' title='bbox 1126 1973 1218 2012; x_wconf 87' lang='lat' dir='ltr'>rege</span> <span class='ocrx_word' id='word_1_216' title='bbox 1235 1958 1449 2000; x_wconf 81' lang='lat' dir='ltr'>Salomone</span> <span class='ocrx_word' id='word_1_217' title='bbox 1474 1966 1790 2000; x_wconf 87' lang='lat' dir='ltr'>consummatum</span> 
     </span>
     <span class='ocr_line' id='line_1_26' title="bbox 452 2023 1791 2078; baseline 0.001 -15"><span class='ocrx_word' id='word_1_218' title='bbox 452 2037 460 2063; x_wconf 84' lang='grc' dir='ltr'><strong>ι</strong></span> <span class='ocrx_word' id='word_1_219' title='bbox 488 2024 565 2077; x_wconf 88' lang='lat' dir='ltr'>ipsa</span> <span class='ocrx_word' id='word_1_220' title='bbox 594 2023 841 2066; x_wconf 85' lang='lat' dir='ltr'>dedicatione</span> <span class='ocrx_word' id='word_1_221' title='bbox 867 2024 1072 2065; x_wconf 81' lang='lat' dir='ltr'>sacerdotes</span> <span class='ocrx_word' id='word_1_222' title='bbox 1100 2032 1134 2064; x_wconf 82' lang='lat' dir='ltr'>ct</span> <span class='ocrx_word' id='word_1_223' title='bbox 1163 2024 1298 2064; x_wconf 80' lang='lat' dir='ltr'>levitae</span> <span class='ocrx_word' id='word_1_224' title='bbox 1327 2032 1361 2064; x_wconf 80' lang='lat' dir='ltr'>et</span> <span class='ocrx_word' id='word_1_225' title='bbox 1388 2031 1556 2064; x_wconf 84' lang='lat' dir='ltr'>cantores</span> <span class='ocrx_word' id='word_1_226' title='bbox 1581 2038 1663 2064; x_wconf 90' lang='lat' dir='ltr'>sum</span> <span class='ocrx_word' id='word_1_227' title='bbox 1692 2038 1791 2078; x_wconf 84' lang='lat' dir='ltr'>cym-</span> 
     </span>
    </p>
   </div>
   <div class='ocr_carea' id='block_1_3' title="bbox 595 2125 721 2129">
    <p class='ocr_par' dir='ltr' id='par_1_3' title="bbox 595 2125 721 2129">
     <span class='ocr_line' id='line_1_27' title="bbox 595 2125 721 2129; baseline 0 0"><span class='ocrx_word' id='word_1_228' title='bbox 595 2125 721 2129; x_wconf 95' lang='lat' dir='ltr'> </span> 
     </span>
    </p>
   </div>
   <div class='ocr_carea' id='block_1_4' title="bbox 452 2139 1793 2220">
    <p class='ocr_par' dir='ltr' id='par_1_4' title="bbox 452 2139 1793 2220">
     <span class='ocr_line' id='line_1_28' title="bbox 452 2139 1793 2220; baseline 0.001 -12"><span class='ocrx_word' id='word_1_229' title='bbox 452 2176 480 2208; x_wconf 80' lang='grc' dir='ltr'>ἰν</span> <span class='ocrx_word' id='word_1_230' title='bbox 511 2174 579 2219; x_wconf 80' lang='grc' dir='ltr'>γὰρ</span> <span class='ocrx_word' id='word_1_231' title='bbox 610 2174 660 2219; x_wconf 83' lang='grc' dir='ltr'>μὴ</span> <span class='ocrx_word' id='word_1_232' title='bbox 692 2177 780 2220; x_wconf 59' lang='grc' dir='ltr'>κτλ]</span> <span class='ocrx_word' id='word_1_233' title='bbox 812 2177 1018 2210; x_wconf 86' lang='lat' dir='ltr'>Constitutor</span> <span class='ocrx_word' id='word_1_234' title='bbox 1083 2176 1160 2210; x_wconf 92' lang='lat' dir='ltr'><strong>loco</strong></span> <span class='ocrx_word' id='word_1_235' title='bbox 1189 2177 1287 2209; x_wconf 85' lang='lat' dir='ltr'>etiam</span> <span class='ocrx_word' id='word_1_236' title='bbox 1317 2177 1493 2220; x_wconf 86' lang='lat' dir='ltr'>baptizatus</span> <span class='ocrx_word' id='word_1_237' title='bbox 1523 2139 1793 2211; x_wconf 60' lang='lat' dir='ltr'>consugtudinem</span> 
     </span>
    </p>
   </div>
   <div class='ocr_carea' id='block_1_5' title="bbox 452 2229 1797 2925">
    <p class='ocr_par' dir='ltr' id='par_1_5' title="bbox 452 2229 1797 2925">
     <span class='ocr_line' id='line_1_29' title="bbox 452 2229 1569 2264; baseline 0.001 -1"><span class='ocrx_word' id='word_1_238' title='bbox 452 2239 465 2262; x_wconf 80' lang='lat' dir='ltr'>e</span> <span class='ocrx_word' id='word_1_239' title='bbox 499 2230 654 2263; x_wconf 87' lang='lat' dir='ltr'>unctione</span> <span class='ocrx_word' id='word_1_240' title='bbox 694 2240 732 2263; x_wconf 85' lang='lat' dir='ltr'>ac</span> <span class='ocrx_word' id='word_1_241' title='bbox 770 2229 1017 2263; x_wconf 80' lang='lat' dir='ltr'>confirmatione</span> <span class='ocrx_word' id='word_1_242' title='bbox 1083 2230 1172 2263; x_wconf 87' lang='lat' dir='ltr'>illam</span> <span class='ocrx_word' id='word_1_243' title='bbox 1195 2237 1325 2263; x_wconf 91' lang='lat' dir='ltr'>secutus</span> <span class='ocrx_word' id='word_1_244' title='bbox 1349 2241 1422 2264; x_wconf 89' lang='lat' dir='ltr'>esse</span> <span class='ocrx_word' id='word_1_245' title='bbox 1445 2231 1569 2264; x_wconf 85' lang='lat' dir='ltr'>dicitur.</span> 
     </span>
     <span class='ocr_line' id='line_1_30' title="bbox 453 2281 1795 2328; baseline 0 -11"><span class='ocrx_word' id='word_1_246' title='bbox 453 2294 505 2317; x_wconf 56' lang='lat' dir='ltr'>,em</span> <span class='ocrx_word' id='word_1_247' title='bbox 522 2284 677 2328; x_wconf 83' lang='lat' dir='ltr'>baptismi</span> <span class='ocrx_word' id='word_1_248' title='bbox 693 2283 876 2327; x_wconf 87' lang='lat' dir='ltr'>dependere</span> <span class='ocrx_word' id='word_1_249' title='bbox 894 2284 1014 2317; x_wconf 87' lang='lat' dir='ltr'>sentire</span> <span class='ocrx_word' id='word_1_250' title='bbox 1128 2294 1157 2317; x_wconf 89' lang='lat'>2.</span> <span class='ocrx_word' id='word_1_251' title='bbox 1176 2282 1267 2318; x_wconf 80' lang='grc' dir='ltr'><em>κατὰ</em></span> <span class='ocrx_word' id='word_1_252' title='bbox 1280 2281 1470 2327; x_wconf 76' lang='grc' dir='ltr'><strong><em>ἀνατολάς]</em></strong></span> <span class='ocrx_word' id='word_1_253' title='bbox 1488 2285 1524 2318; x_wconf 93' lang='lat' dir='ltr'>In</span> <span class='ocrx_word' id='word_1_254' title='bbox 1537 2285 1697 2318; x_wconf 87' lang='lat' dir='ltr'>orientem</span> <span class='ocrx_word' id='word_1_255' title='bbox 1709 2285 1795 2318; x_wconf 84' lang='lat' dir='ltr'>versi</span> 
     </span>
     <span class='ocr_line' id='line_1_31' title="bbox 1084 2338 1794 2372; baseline -0.001 0"><span class='ocrx_word' id='word_1_256' title='bbox 1084 2338 1261 2372; x_wconf 82' lang='lat' dir='ltr'>Christiani</span> <span class='ocrx_word' id='word_1_257' title='bbox 1280 2344 1408 2371; x_wconf 85' lang='lat' dir='ltr'>veteres</span> <span class='ocrx_word' id='word_1_258' title='bbox 1425 2338 1575 2371; x_wconf 90' lang='lat' dir='ltr'>universe</span> <span class='ocrx_word' id='word_1_259' title='bbox 1598 2348 1691 2372; x_wconf 87' lang='lat' dir='ltr'>orare</span> <span class='ocrx_word' id='word_1_260' title='bbox 1708 2338 1794 2371; x_wconf 91' lang='lat' dir='ltr'>sole-</span> 
     </span>
     <span class='ocr_line' id='line_1_32' title="bbox 453 2389 1794 2435; baseline 0.001 -12"><span class='ocrx_word' id='word_1_261' title='bbox 453 2418 455 2423; x_wconf 84' lang='lat'>.</span> <span class='ocrx_word' id='word_1_262' title='bbox 495 2389 684 2435; x_wconf 77' lang='grc' dir='ltr'><strong><em>Προσευχὴ</em></strong></span> <span class='ocrx_word' id='word_1_263' title='bbox 721 2394 794 2426; x_wconf 70' lang='grc' dir='ltr'>τῶν</span> <span class='ocrx_word' id='word_1_264' title='bbox 832 2395 1018 2427; x_wconf 65' lang='lat' dir='ltr'>notem».</span> <span class='ocrx_word' id='word_1_265' title='bbox 1083 2393 1169 2426; x_wconf 84' lang='lat' dir='ltr'>bant.</span> <span class='ocrx_word' id='word_1_266' title='bbox 1200 2391 1251 2426; x_wconf 83' lang='lat' dir='ltr'>Cf.</span> <span class='ocrx_word' id='word_1_267' title='bbox 1269 2393 1308 2431; x_wconf 89' lang='lat'>11,</span> <span class='ocrx_word' id='word_1_268' title='bbox 1331 2402 1378 2435; x_wconf 85' lang='lat'>57,</span> <span class='ocrx_word' id='word_1_269' title='bbox 1401 2401 1454 2433; x_wconf 86' lang='lat'>14;</span> <span class='ocrx_word' id='word_1_270' title='bbox 1471 2392 1561 2425; x_wconf 89' lang='lat' dir='ltr'>Tert.</span> <span class='ocrx_word' id='word_1_271' title='bbox 1574 2392 1671 2435; x_wconf 83' lang='lat' dir='ltr'>Apol.</span> <span class='ocrx_word' id='word_1_272' title='bbox 1690 2402 1717 2424; x_wconf 86' lang='lat' dir='ltr'>c.</span> <span class='ocrx_word' id='word_1_273' title='bbox 1740 2391 1794 2431; x_wconf 78' lang='lat'>16;</span> 
     </span>
     <span class='ocr_line' id='line_1_33' title="bbox 452 2445 1796 2489; baseline -0.001 -10"><span class='ocrx_word' id='word_1_274' title='bbox 452 2454 593 2480; x_wconf 79' lang='lat' dir='ltr'>recenter</span> <span class='ocrx_word' id='word_1_275' title='bbox 616 2446 817 2479; x_wconf 88' lang='lat' dir='ltr'>initiatorum</span> <span class='ocrx_word' id='word_1_276' title='bbox 838 2448 886 2489; x_wconf 88' lang='lat' dir='ltr'>(v.</span> <span class='ocrx_word' id='word_1_277' title='bbox 913 2447 957 2489; x_wconf 84' lang='lat'>3).</span> <span class='ocrx_word' id='word_1_278' title='bbox 1084 2446 1190 2480; x_wconf 85' lang='lat' dir='ltr'>clem.</span> <span class='ocrx_word' id='word_1_279' title='bbox 1214 2446 1266 2479; x_wconf 79' lang='lat' dir='ltr'>Al.</span> <span class='ocrx_word' id='word_1_280' title='bbox 1298 2446 1419 2481; x_wconf 87' lang='lat' dir='ltr'>Strom.</span> <span class='ocrx_word' id='word_1_281' title='bbox 1449 2445 1519 2485; x_wconf 87' lang='lat' dir='ltr'>vn,</span> <span class='ocrx_word' id='word_1_282' title='bbox 1543 2455 1573 2488; x_wconf 85' lang='lat'>7,</span> <span class='ocrx_word' id='word_1_283' title='bbox 1596 2454 1635 2487; x_wconf 81' lang='lat'>43</span> <span class='ocrx_word' id='word_1_284' title='bbox 1662 2456 1692 2488; x_wconf 91' lang='lat' dir='ltr'>p.</span> <span class='ocrx_word' id='word_1_285' title='bbox 1716 2445 1796 2487; x_wconf 85' lang='lat'>856;</span> 
     </span>
     <span class='ocr_line' id='line_1_34' title="bbox 452 2498 1796 2545; baseline -0.001 -11"><span class='ocrx_word' id='word_1_286' title='bbox 452 2502 674 2545; x_wconf 75' lang='lat' dir='ltr'>brysostomus</span> <span class='ocrx_word' id='word_1_287' title='bbox 701 2499 738 2533; x_wconf 91' lang='lat' dir='ltr'>In</span> <span class='ocrx_word' id='word_1_288' title='bbox 767 2500 898 2534; x_wconf 83' lang='lat' dir='ltr'>Coloss.</span> <span class='ocrx_word' id='word_1_289' title='bbox 926 2500 1017 2534; x_wconf 84' lang='lat' dir='ltr'>hom.</span> <span class='ocrx_word' id='word_1_290' title='bbox 1082 2500 1179 2534; x_wconf 86' lang='lat' dir='ltr'>Basil.</span> <span class='ocrx_word' id='word_1_291' title='bbox 1203 2501 1254 2533; x_wconf 89' lang='lat' dir='ltr'>De</span> <span class='ocrx_word' id='word_1_292' title='bbox 1278 2501 1352 2543; x_wconf 88' lang='lat' dir='ltr'>spir.</span> <span class='ocrx_word' id='word_1_293' title='bbox 1377 2511 1402 2533; x_wconf 88' lang='lat' dir='ltr'>s.</span> <span class='ocrx_word' id='word_1_294' title='bbox 1427 2510 1454 2532; x_wconf 94' lang='lat' dir='ltr'>c.</span> <span class='ocrx_word' id='word_1_295' title='bbox 1479 2509 1519 2542; x_wconf 91' lang='lat'>27</span> <span class='ocrx_word' id='word_1_296' title='bbox 1542 2510 1574 2532; x_wconf 92' lang='lat' dir='ltr'>n.</span> <span class='ocrx_word' id='word_1_297' title='bbox 1596 2498 1648 2532; x_wconf 89' lang='grc'>66.</span> <span class='ocrx_word' id='word_1_298' title='bbox 1687 2499 1796 2543; x_wconf 82' lang='lat' dir='ltr'>Bapti-</span> 
     </span>
     <span class='ocr_line' id='line_1_35' title="bbox 456 2552 1796 2597; baseline -0.003 -7"><span class='ocrx_word' id='word_1_299' title='bbox 456 2553 592 2594; x_wconf 75' lang='grc' dir='ltr'><strong><em>εὐθέως</em></strong></span> <span class='ocrx_word' id='word_1_300' title='bbox 615 2552 686 2597; x_wconf 80' lang='grc' dir='ltr'>γὰρ</span> <span class='ocrx_word' id='word_1_301' title='bbox 714 2552 880 2588; x_wconf 77' lang='grc' dir='ltr'><em>ἀνελθών</em></span> <span class='ocrx_word' id='word_1_302' title='bbox 906 2557 1018 2589; x_wconf 83' lang='grc' dir='ltr'><em>ταῦτα</em></span> <span class='ocrx_word' id='word_1_303' title='bbox 1084 2555 1204 2588; x_wconf 84' lang='lat' dir='ltr'>zandus</span> <span class='ocrx_word' id='word_1_304' title='bbox 1220 2553 1366 2597; x_wconf 87' lang='lat' dir='ltr'>inprimis</span> <span class='ocrx_word' id='word_1_305' title='bbox 1382 2554 1423 2587; x_wconf 87' lang='lat' dir='ltr'>ad</span> <span class='ocrx_word' id='word_1_306' title='bbox 1438 2553 1600 2587; x_wconf 84' lang='lat' dir='ltr'>orientem</span> <span class='ocrx_word' id='word_1_307' title='bbox 1618 2563 1796 2586; x_wconf 85' lang='lat' dir='ltr'>conversus</span> 
     </span>
     <span class='ocr_line' id='line_1_36' title="bbox 453 2605 1796 2652; baseline -0.002 -9"><span class='ocrx_word' id='word_1_308' title='bbox 453 2620 505 2643; x_wconf 82' lang='grc' dir='ltr'>ται</span> <span class='ocrx_word' id='word_1_309' title='bbox 528 2607 573 2643; x_wconf 81' lang='grc' dir='ltr'>τὰ</span> <span class='ocrx_word' id='word_1_310' title='bbox 591 2605 751 2652; x_wconf 77' lang='grc' dir='ltr'><strong><em>ῥήματα·</em></strong></span> <span class='ocrx_word' id='word_1_311' title='bbox 775 2606 894 2651; x_wconf 80' lang='grc' dir='ltr'><em>Πάτερ</em></span> <span class='ocrx_word' id='word_1_312' title='bbox 919 2605 1020 2651; x_wconf 78' lang='grc' dir='ltr'><strong><em>ἡμῶν</em></strong></span> <span class='ocrx_word' id='word_1_313' title='bbox 1085 2608 1184 2641; x_wconf 83' lang='lat' dir='ltr'>etiam</span> <span class='ocrx_word' id='word_1_314' title='bbox 1203 2607 1335 2641; x_wconf 81' lang='lat' dir='ltr'>Christo</span> <span class='ocrx_word' id='word_1_315' title='bbox 1351 2618 1387 2641; x_wconf 89' lang='lat' dir='ltr'>se</span> <span class='ocrx_word' id='word_1_316' title='bbox 1402 2607 1616 2646; x_wconf 81' lang='lat' dir='ltr'>adscribebat,</span> <span class='ocrx_word' id='word_1_317' title='bbox 1637 2617 1712 2640; x_wconf 89' lang='lat' dir='ltr'>cum</span> <span class='ocrx_word' id='word_1_318' title='bbox 1731 2607 1796 2641; x_wconf 87' lang='lat' dir='ltr'>for-</span> 
     </span>
     <span class='ocr_line' id='line_1_37' title="bbox 456 2661 1796 2706; baseline -0.002 -10"><span class='ocrx_word' id='word_1_319' title='bbox 456 2661 579 2706; x_wconf 78' lang='grc' dir='ltr'><strong><em>ἑστώς]</em></strong></span> <span class='ocrx_word' id='word_1_320' title='bbox 595 2662 723 2695; x_wconf 82' lang='lat' dir='ltr'>Notum</span> <span class='ocrx_word' id='word_1_321' title='bbox 737 2667 797 2702; x_wconf 88' lang='lat' dir='ltr'>est,</span> <span class='ocrx_word' id='word_1_322' title='bbox 815 2662 1019 2695; x_wconf 84' lang='lat' dir='ltr'>Christianos</span> <span class='ocrx_word' id='word_1_323' title='bbox 1085 2662 1207 2695; x_wconf 87' lang='lat' dir='ltr'>mulam</span> <span class='ocrx_word' id='word_1_324' title='bbox 1231 2661 1477 2695; x_wconf 87' lang='lat' dir='ltr'>renuntiationis</span> <span class='ocrx_word' id='word_1_325' title='bbox 1508 2671 1621 2694; x_wconf 89' lang='lat' dir='ltr'>versus</span> <span class='ocrx_word' id='word_1_326' title='bbox 1644 2661 1796 2694; x_wconf 91' lang='lat' dir='ltr'>occiden-</span> 
     </span>
     <span class='ocr_line' id='line_1_38' title="bbox 453 2706 1796 2760; baseline -0.002 -10"><span class='ocrx_word' id='word_1_327' title='bbox 453 2717 502 2750; x_wconf 90' lang='lat' dir='ltr'>die</span> <span class='ocrx_word' id='word_1_328' title='bbox 516 2716 685 2751; x_wconf 84' lang='lat' dir='ltr'>dominica</span> <span class='ocrx_word' id='word_1_329' title='bbox 701 2722 735 2750; x_wconf 88' lang='lat' dir='ltr'>et</span> <span class='ocrx_word' id='word_1_330' title='bbox 745 2722 896 2760; x_wconf 86' lang='lat' dir='ltr'>tempore</span> <span class='ocrx_word' id='word_1_331' title='bbox 909 2716 1018 2754; x_wconf 89' lang='lat' dir='ltr'>Quin·</span> <span class='ocrx_word' id='word_1_332' title='bbox 1085 2722 1153 2749; x_wconf 90' lang='lat' dir='ltr'>tem</span> <span class='ocrx_word' id='word_1_333' title='bbox 1188 2716 1420 2760; x_wconf 84' lang='lat' dir='ltr'>pronuntiaret.</span> <span class='ocrx_word' id='word_1_334' title='bbox 1474 2714 1525 2749; x_wconf 88' lang='lat' dir='ltr'>Cf.</span> <span class='ocrx_word' id='word_1_335' title='bbox 1560 2706 1673 2760; x_wconf 82' lang='lat' dir='ltr'>Cytisi.</span> <span class='ocrx_word' id='word_1_336' title='bbox 1708 2715 1796 2748; x_wconf 85' lang='lat' dir='ltr'>Hier.</span> 
     </span>
     <span class='ocr_line' id='line_1_39' title="bbox 453 2769 1797 2815; baseline -0.002 -10"><span class='ocrx_word' id='word_1_337' title='bbox 453 2781 514 2805; x_wconf 82' lang='lat' dir='ltr'>nae</span> <span class='ocrx_word' id='word_1_338' title='bbox 530 2777 659 2805; x_wconf 85' lang='lat' dir='ltr'>stantes</span> <span class='ocrx_word' id='word_1_339' title='bbox 677 2780 791 2815; x_wconf 84' lang='lat' dir='ltr'>preces</span> <span class='ocrx_word' id='word_1_340' title='bbox 807 2770 940 2804; x_wconf 81' lang='lat' dir='ltr'>fudisse.</span> <span class='ocrx_word' id='word_1_341' title='bbox 965 2769 1018 2804; x_wconf 82' lang='lat' dir='ltr'>Cf.</span> <span class='ocrx_word' id='word_1_342' title='bbox 1085 2770 1158 2804; x_wconf 88' lang='lat' dir='ltr'>Cat.</span> <span class='ocrx_word' id='word_1_343' title='bbox 1189 2776 1287 2813; x_wconf 88' lang='lat' dir='ltr'>myst.</span> <span class='ocrx_word' id='word_1_344' title='bbox 1316 2770 1339 2810; x_wconf 90' lang='lat'>1,</span> <span class='ocrx_word' id='word_1_345' title='bbox 1370 2778 1400 2802; x_wconf 89' lang='lat'>2.</span> <span class='ocrx_word' id='word_1_346' title='bbox 1424 2780 1460 2813; x_wconf 89' lang='lat'>9;</span> <span class='ocrx_word' id='word_1_347' title='bbox 1492 2770 1627 2803; x_wconf 86' lang='lat' dir='ltr'>Hieron.</span> <span class='ocrx_word' id='word_1_348' title='bbox 1654 2769 1693 2802; x_wconf 91' lang='lat' dir='ltr'>In</span> <span class='ocrx_word' id='word_1_349' title='bbox 1721 2770 1797 2802; x_wconf 86' lang='lat' dir='ltr'>Am.</span> 
     </span>
     <span class='ocr_line' id='line_1_40' title="bbox 452 2823 1796 2869; baseline -0.002 -10"><span class='ocrx_word' id='word_1_350' title='bbox 452 2835 466 2859; x_wconf 84' lang='lat' dir='ltr'>e</span> <span class='ocrx_word' id='word_1_351' title='bbox 481 2836 547 2859; x_wconf 87' lang='lat' dir='ltr'>cor.</span> <span class='ocrx_word' id='word_1_352' title='bbox 566 2836 596 2859; x_wconf 87' lang='lat' dir='ltr'>c.</span> <span class='ocrx_word' id='word_1_353' title='bbox 619 2834 656 2868; x_wconf 78' lang='lat'>33</span> <span class='ocrx_word' id='word_1_354' title='bbox 674 2834 745 2869; x_wconf 80' lang='lat' dir='ltr'>syn.</span> <span class='ocrx_word' id='word_1_355' title='bbox 762 2824 897 2859; x_wconf 86' lang='lat' dir='ltr'>Nicaen.</span> <span class='ocrx_word' id='word_1_356' title='bbox 916 2835 944 2858; x_wconf 88' lang='lat' dir='ltr'>c.</span> <span class='ocrx_word' id='word_1_357' title='bbox 961 2834 1018 2865; x_wconf 81' lang='lat'>203</span> <span class='ocrx_word' id='word_1_358' title='bbox 1085 2823 1105 2857; x_wconf 90' lang='lat'><strong>6</strong></span> <span class='ocrx_word' id='word_1_359' title='bbox 1118 2834 1146 2857; x_wconf 92' lang='lat' dir='ltr'>s.</span> <span class='ocrx_word' id='word_1_360' title='bbox 1157 2823 1198 2864; x_wconf 79' lang='lat' dir='ltr'>f.;</span> <span class='ocrx_word' id='word_1_361' title='bbox 1215 2824 1425 2868; x_wconf 87' lang='lat' dir='ltr'>Ps.-Dionys.</span> <span class='ocrx_word' id='word_1_362' title='bbox 1442 2823 1495 2856; x_wconf 91' lang='lat' dir='ltr'>De</span> <span class='ocrx_word' id='word_1_363' title='bbox 1511 2823 1627 2857; x_wconf 88' lang='lat' dir='ltr'>eccles.</span> <span class='ocrx_word' id='word_1_364' title='bbox 1636 2823 1796 2856; x_wconf 83' lang='lat' dir='ltr'>hierarch.</span> 
     </span>
     <span class='ocr_line' id='line_1_41' title="bbox 452 2877 1444 2925; baseline -0.003 -12"><span class='ocrx_word' id='word_1_365' title='bbox 452 2884 477 2913; x_wconf 69' lang='lat' dir='ltr'>ve</span> <span class='ocrx_word' id='word_1_366' title='bbox 503 2881 581 2925; x_wconf 86' lang='lat' dir='ltr'>spir.</span> <span class='ocrx_word' id='word_1_367' title='bbox 610 2889 637 2912; x_wconf 89' lang='lat' dir='ltr'>s.</span> <span class='ocrx_word' id='word_1_368' title='bbox 668 2889 697 2916; x_wconf 81' lang='lat' dir='ltr'>c.</span> <span class='ocrx_word' id='word_1_369' title='bbox 722 2887 762 2921; x_wconf 89' lang='lat'>27</span> <span class='ocrx_word' id='word_1_370' title='bbox 790 2890 820 2912; x_wconf 90' lang='lat' dir='ltr'>n.</span> <span class='ocrx_word' id='word_1_371' title='bbox 849 2878 903 2912; x_wconf 88' lang='lat'>66.</span> <span class='ocrx_word' id='word_1_372' title='bbox 948 2878 1019 2912; x_wconf 87' lang='lat' dir='ltr'>Hoc</span> <span class='ocrx_word' id='word_1_373' title='bbox 1086 2888 1114 2912; x_wconf 90' lang='lat' dir='ltr'>c.</span> <span class='ocrx_word' id='word_1_374' title='bbox 1138 2886 1169 2918; x_wconf 90' lang='lat'>2,</span> <span class='ocrx_word' id='word_1_375' title='bbox 1192 2887 1221 2918; x_wconf 86' lang='lat'>2,</span> <span class='ocrx_word' id='word_1_376' title='bbox 1244 2877 1280 2919; x_wconf 78' lang='lat'>63</span> <span class='ocrx_word' id='word_1_377' title='bbox 1309 2887 1335 2919; x_wconf 85' lang='lat'>5,</span> <span class='ocrx_word' id='word_1_378' title='bbox 1362 2887 1390 2917; x_wconf 90' lang='lat'>1,</span> <span class='ocrx_word' id='word_1_379' title='bbox 1413 2877 1444 2911; x_wconf 90' lang='lat'>6.</span> 
     </span>
    </p>
   </div>
   <div class='ocr_carea' id='block_1_6' title="bbox 1814 1055 1855 1086">
    <p class='ocr_par' dir='ltr' id='par_1_6' title="bbox 1814 1055 1855 1086">
     <span class='ocr_line' id='line_1_42' title="bbox 1814 1055 1855 1086; baseline 0 0"><span class='ocrx_word' id='word_1_380' title='bbox 1814 1055 1855 1086; x_wconf 89' lang='grc'>10</span> 
     </span>
    </p>
   </div>
   <div class='ocr_carea' id='block_1_7' title="bbox 1815 1379 1856 1412">
    <p class='ocr_par' dir='ltr' id='par_1_7' title="bbox 1815 1379 1856 1412">
     <span class='ocr_line' id='line_1_43' title="bbox 1815 1379 1856 1412; baseline 0.049 -2"><span class='ocrx_word' id='word_1_381' title='bbox 1815 1379 1856 1412; x_wconf 81' lang='lat'>15</span> 
     </span>
    </p>
   </div>
   <div class='ocr_carea' id='block_1_8' title="bbox 1816 2025 1859 2057">
    <p class='ocr_par' dir='ltr' id='par_1_8' title="bbox 1816 2025 1859 2057">
     <span class='ocr_line' id='line_1_44' title="bbox 1816 2025 1859 2057; baseline 0 0"><span class='ocrx_word' id='word_1_382' title='bbox 1816 2025 1859 2057; x_wconf 83' lang='lat'>25</span> 
     </span>
    </p>
   </div>
  </div>
 </body>
</html>
