2457 3436
855 380 1124 411 ammomum(
1151 381 1232 418 vm,
1261 382 1313 421 12,
1336 382 1474 415 28—32.
1833 373 1911 412 507

452 476 513 516 κίε
553 475 631 516 alis
663 475 840 530 praediti,
882 474 979 517 binis
1015 476 1161 531 quidem
1200 476 1367 518 velantes
1400 478 1512 531 pedes
1552 491 1648 527 suos,
1691 478 1787 519 binis
1825 492 1913 519 vero

452 542 557 595 pita,
588 548 624 581 et
650 540 797 581 duabus
822 540 911 582 alit}
935 540 1105 582 volantes
1132 555 1177 582 ac
1196 540 1370 584 dicentes
1399 556 1475 583 una
1505 556 1594 584 cum
1624 542 1729 584 mille
1758 543 1912 585 milibus

453 604 745 659 changelorum
780 612 819 647 et
846 604 958 647 denis
985 605 1139 647 milibus
1168 605 1314 648 denum
1350 606 1498 648 milium
1536 606 1767 661 angelorum
1805 608 1912 650 inde·

452 677 595 711 uenter
611 683 657 711 ac
675 671 761 711 sine
778 671 888 712 vocis
915 671 1207 713 intermissione
1228 671 1494 722 clamantibus,
1524 679 1563 714 et
1585 673 1716 713 omnis
1745 672 1911 727 populus

452 734 535 775 mul
565 733 687 776 dicat:
719 734 890 785 Sanctus,
917 743 1080 786 sanctus,
1107 745 1259 777 sanctus
1282 737 1470 777 Dominus
1492 736 1679 787 Sabaoth;
1698 737 1807 792 pleni
1826 746 1913 779 sunt

452 799 517 840 teli
541 806 578 840 et
606 807 710 841 terra
735 799 863 853 gloria
890 802 968 842 eius
974 814 992 850 ;
1018 800 1227 842 benedictus
1255 803 1294 843 in
1321 802 1486 852 saecula,
1517 814 1638 843 amen.
1689 783 1815 908 >X

528 865 596 905 28.
636 864 684 906 Et
712 863 888 918 pontifex
916 873 1052 919 postea
1081 865 1201 907 dicat:
1249 878 1313 919 29.
1343 866 1508 908 Sanctus
1537 868 1642 908 enim
1671 880 1763 908 vere
1815 881 1834 908 s
1867 881 1912 908 ac

452 929 700 979 attissimus,
734 928 941 971 altissimus
976 938 1009 971 et
1042 931 1342 985 superexaltatus
1370 933 1410 972 in
1436 931 1600 973 saecula.
1656 944 1719 985 30.
1747 931 1912 973 Sanctus

452 1006 578 1049 noque
614 994 839 1047 unigenitus
874 1001 965 1036 tuus
1007 994 1121 1046 filius,
1160 996 1357 1038 Dominus
1397 1004 1534 1038 noster
1570 1003 1610 1038 et
1647 997 1769 1047 Deus,
1804 996 1911 1038 Iesus

452 1058 614 1109 hristus,
643 1059 708 1113 qui
728 1058 777 1100 ad
796 1059 929 1101 omnia
947 1060 1016 1101 tibi
1036 1060 1125 1102 Deo
1144 1074 1217 1101 suo
1238 1068 1275 1102 et
1301 1061 1397 1115 patri
1419 1075 1508 1102 cum
1532 1062 1572 1102 in
1592 1062 1694 1102 varia
1714 1061 1911 1102 creatione

452 1137 504 1165 im
538 1124 580 1165 in
618 1123 864 1176 providentia
902 1125 1154 1167 convenienti
1189 1126 1412 1167 ministrans
1452 1140 1535 1167 non
1574 1125 1749 1180 despexit
1786 1139 1911 1179 genus

452 1202 652 1239 umanum,
680 1187 789 1243 quod
815 1188 975 1243 peribat,
1005 1189 1073 1231 sed
1093 1197 1184 1244 post
1210 1190 1423 1232 naturalem
1454 1190 1597 1244 legem,
1626 1198 1717 1244 post
1745 1190 1909 1244 legalem

452 1251 749 1303 imonitionem,
769 1261 860 1308 post
878 1254 1126 1308 propheticas
1145 1255 1471 1309 reprehensiones
1492 1262 1529 1296 et
1549 1256 1778 1309 angelorum
1804 1269 1911 1310 prae-

452 1325 585 1360 =tturas
620 1317 733 1372 (cum
763 1317 892 1372 legem
921 1318 1134 1361 naturalem
1170 1333 1246 1361 una
1275 1333 1365 1361 cum
1400 1319 1488 1373 lege
1515 1320 1657 1375 scripta
1686 1334 1756 1361 seu
1785 1320 1911 1374 posita

453 1382 611 1425 iolarent
644 1390 762 1437 atque
797 1397 846 1424 ex
872 1384 1065 1425 memoria
1094 1383 1289 1426 abicerent
1324 1384 1524 1435 diluvium,
1560 1384 1910 1438 conflagrationem

452 1446 721 1498 ndomiticam,
750 1447 880 1503 plagas
898 1450 1106 1503 Aegyptiis
1127 1456 1165 1490 et
1185 1448 1322 1491 caedes
1341 1449 1567 1492 Palaestinis
1583 1449 1718 1500 illatas,
1743 1464 1910 1504 cumque

452 1512 511 1554 lico
537 1513 700 1567 perituri
734 1519 865 1554 essent
894 1513 1057 1568 omnes)
1096 1527 1144 1555 ex
1172 1515 1365 1556 sententia
1392 1522 1457 1556 tua
1485 1515 1567 1568 ipse
1597 1514 1726 1568 elegit,
1760 1521 1911 1556 creator

452 1577 606 1628 nominis,
635 1577 764 1619 homo
780 1577 877 1629 fieri,
906 1577 1103 1632 legislator
1121 1577 1192 1620 sub
1221 1579 1383 1632 legibus,
1413 1578 1590 1634 pontifex
1610 1579 1748 1629 hostia,
1778 1585 1910 1633 pastor

452 1643 524 1694 wis;
569 1655 633 1696 31.
663 1650 704 1684 et
730 1648 770 1683 te
797 1656 910 1684 suum
930 1643 1062 1685 Deum
1092 1657 1137 1685 ac
1165 1650 1313 1698 patrem
1344 1643 1507 1698 placavit
1525 1650 1640 1698 atque
1670 1642 1821 1684 mundo
1850 1656 1909 1684 re-

452 1707 644 1750 onciliavit
672 1715 913 1762 cunctosque
930 1708 976 1749 ab
996 1708 1229 1750 imminente
1247 1709 1302 1749 ira
1321 1708 1505 1758 liberavit,
1534 1707 1657 1750 factus
1677 1723 1724 1750 ex
1744 1709 1909 1761 virgine,

452 1781 544 1813 lctus
577 1774 618 1813 in
650 1785 767 1813 carne
802 1772 909 1813 Deus
940 1773 1109 1823 verbum,
1149 1773 1306 1814 dilectus
1332 1773 1454 1828 filius,
1487 1775 1758 1828 primogenitus
1795 1775 1912 1814 omnis

452 1846 628 1888 ἰατιιναι,
658 1845 697 1879 et
726 1837 941 1879 secundum
972 1838 1196 1892 prophetias
1225 1838 1270 1880 ab
1300 1839 1385 1892 ipso
1411 1838 1458 1880 de
1488 1852 1530 1879 se
1558 1838 1774 1892 praedictas
1803 1846 1911 1879 ortus

452 1916 466 1943 c
490 1903 630 1944 semine
658 1902 795 1943 David
822 1909 860 1944 et
887 1901 1082 1944 Abraham
1111 1916 1156 1944 ac
1185 1903 1234 1944 de
1262 1903 1362 1944 tribu
1391 1902 1527 1954 Iudae;
1567 1910 1605 1944 et
1633 1902 1756 1944 factus
1787 1910 1843 1944 est
1871 1904 1911 1943 in

452 1974 532 2009 tero
551 1967 715 2021 virginis
743 1966 935 2008 formator
954 1968 1149 2018 omnium,
1178 1969 1243 2023 qui
1270 1968 1502 2022 gignuntur;
1532 1975 1572 2009 et
1599 1968 1818 2009 incarnatus
1840 1975 1909 2018 est,

452 2033 485 2073 ni
513 2033 639 2074 camis
658 2045 797 2086 expers
805 2047 818 2083 ;
846 2032 913 2086 qui
931 2032 1016 2074 sine
1034 2039 1215 2086 tempore
1235 2034 1403 2086 genitus,
1432 2034 1472 2074 in
1501 2039 1681 2086 tempore
1706 2040 1819 2074 natus
1839 2040 1908 2074 est.

452 2108 485 2138 2.
513 2097 622 2138 Vixit
649 2104 784 2138 sancte
813 2104 852 2138 et
880 2096 1052 2151 legitime
1073 2096 1220 2146 docuit,
1249 2111 1392 2138 omnem
1421 2097 1590 2138 morbum
1619 2106 1653 2138 et
1681 2111 1824 2138 omnem
1854 2099 1911 2138 in·

452 2162 635 2203 mitatem
655 2161 703 2203 ab
730 2161 956 2203 hominibus
976 2161 1134 2216 expulit,
1158 2164 1268 2215 signa
1295 2170 1329 2203 et
1346 2162 1523 2217 prodigia
1550 2164 1588 2203 in
1610 2162 1747 2217 populo
1773 2161 1893 2204 edidit
1901 2179 1911 2213 ;

452 2226 548 2268 ibum
578 2234 618 2269 et
636 2233 778 2281 potum
800 2233 839 2268 et
857 2240 1045 2268 somnum
1064 2227 1179 2281 cepit,
1209 2229 1274 2282 qui
1295 2234 1460 2269 cunctos
1482 2227 1670 2269 alimento
1692 2227 1911 2281 indigentes

452 2326 518 2363 7118
538 2320 744 2357 α’πόλυσθαι
766 2323 787 2357 d
816 2323 821 2364 1
851 2325 892 2357 18
914 2320 1115 2367 ηὐδόκησεν
1137 2324 1157 2356 d
1183 2327 1187 2365 Ι
1213 2321 1321 2363 αὐτὸς
1345 2336 1352 2357 :
1376 2323 1415 2359 ἐν
1438 2322 1558 2363 αὐτοῖς
1581 2325 1601 2356 d
1625 2329 1630 2367 l
1661 2326 1699 2357 19
1724 2320 1835 2364 νόμου
1858 2323 1878 2356 h
1905 2326 1909 2365 ς

452 2380 469 2411 l)
487 2376 621 2420 ieoetoev
642 2377 663 2411 d
683 2380 688 2418 ί
707 2380 748 2411 21
773 2374 886 2412 αὐτοῦ
909 2377 931 2410 h
950 2381 954 2420 Ι
974 2380 1037 2420 τῆς
1058 2382 1103 2417 >
1126 2377 1147 2410 d
1168 2378 1173 2420 Ι
1192 2382 1234 2412 22
1258 2375 1473 2421 γεννόμενος
1495 2378 1517 2410 h
1537 2380 1543 2418 Ι
1563 2389 1635 2420 γεν.
1662 2377 1704 2411 ἐκ
1727 2377 1912 2419 παρθένου

452 2429 733 2475 >ἁ124πάσης
757 2434 796 2472 -Ι-
821 2431 1012 2474 τῆςά12ὂ
1036 2434 1163 2471 ml>
1189 2432 1297 2474 h128
1321 2432 1508 2476 γεγένηται
1533 2434 1639 2473 3130
1661 2443 1699 2465 τε
1724 2436 1768 2471 >
1793 2430 1813 2463 d
1836 2432 1858 2464 h

472 2516 514 2550 30.
535 2504 871 2551 ὑπηρετησάμενος]
887 2507 939 2541 Cf.
957 2507 999 2548 V,
1012 2517 1064 2547 20,
1085 2517 1133 2551 ¹3·
1200 2509 1341 2542 auctoris
1371 2490 1497 2541 elucet?
1530 2527 1567 2531 -
1597 2505 1758 2550 α’χρόνως
1788 2518 1894 2549 γεννη

452 2579 469 2586 -
488 2559 609 2606 γνώμῃ
633 2562 696 2606 σῇ]
719 2561 773 2595 Cf.
797 2561 870 2602 vn,
894 2570 945 2604 25,
970 2571 1000 2595 2.
1202 2562 1295 2605 θείς]
1328 2562 1482 2595 Similiter
1512 2561 1692 2605 Gregorius
1717 2561 1795 2594 Naz.
1820 2560 1911 2594 Orat.

472 2625 515 2658 31.
544 2617 697 2660 γέγονεν
726 2615 767 2650 ἐν
796 2613 914 2662 μήτρᾳ
936 2635 978 2640 -
1003 2627 1135 2659 rem-w-
1200 2615 1321 2656 xxix,
1341 2625 1375 2657 23
1394 2615 1500 2655 XXX,
1520 2626 1573 2655 11;
1597 2615 1797 2659 Epiphanius
1814 2615 1853 2648 H.
1875 2624 1908 2656 51

452 2668 560 2714 εένους]
592 2670 645 2704 Cf.
669 2670 816 2714 Ps.·lgn.
840 2669 939 2704 Trall.
966 2680 1015 2710 xo,
1037 2678 1069 2710 4.
1094 2688 1134 2695 -
1200 2680 1228 2703 c.
1256 2680 1287 2710 1;
1321 2679 1359 2712 57
1384 2681 1411 2703 c.
1435 2679 1466 2709 4.
1490 2673 1525 2709 73
1558 2670 1614 2703 sed
1638 2670 1736 2703 etiam
1760 2669 1857 2702 Arius
1880 2670 1912 2702 in

452 2722 630 2769 σαρκώθη]
654 2724 759 2758 Paulo
774 2730 851 2757 ante
868 2724 959 2758 Deus
974 2723 1059 2757 filius
1075 2733 1133 2757 vo·
1201 2723 1421 2758 Confessione
1438 2723 1521 2763 fidei,
1547 2734 1643 2767 quam
1662 2724 1794 2756 exhibet
1809 2723 1912 2756 Atha-

452 2784 510 2812 atur
536 2776 737 2822 γενόμενος
770 2776 811 2813 ἐν
844 2779 962 2821 σαρκί.
1006 2777 1133 2811 Eodem
1199 2779 1309 2811 nasius
1339 2778 1390 2811 De
1419 2778 1535 2821 synod.
1566 2788 1594 2811 c.
1626 2776 1680 2817 16;
1713 2777 1912 2821 Epiphanius

452 2841 513 2867 ersu
527 2844 609 2879 ergo
625 2834 675 2867 bis
692 2843 757 2867 vox
775 2829 866 2874 σὰρξ
883 2833 935 2866 vel
950 2829 1133 2875 σάρκωσις
1201 2832 1239 2866 H.
1263 2832 1306 2876 69
1329 2843 1357 2865 c.
1381 2833 1476 2875 7—8.

453 2894 595 2933 mrpatur.
650 2887 778 2922 Nonne
812 2886 887 2920 inde
920 2886 1133 2930 christologia
1247 2895 1295 2928 32.
1320 2885 1371 2920 cf.
1396 2886 1465 2927 VII,
1493 2886 1542 2928 36,
1566 2886 1595 2919 6.

1937 1070 1977 1101 10

1936 1393 1976 1426 16

1934 1718 1977 1749 20

1934 2041 1976 2074 25
