2457 3436
681 321 757 361 136
1212 325 1435 356 mmsmmA
1465 325 1642 354 numm.

678 438 899 476 transeunt3
928 426 994 480 qui
1024 438 1106 475 eos,
1135 424 1201 479 qui
1231 423 1416 465 deorsum
1436 434 1559 471 erant,
1588 421 1744 473 eduxit,
1779 423 1841 463 ita
1864 434 1910 464 ut
1930 437 2034 465 nunc
2047 437 2147 465 sutsmx

680 493 770 542 sint,
799 503 838 533 et
858 505 940 540 eos,
969 490 1035 545 qui
1056 489 1263 543 postpositi
1288 499 1411 539 erant,
1441 487 1681 542 praeposuit.
1748 500 1823 542 31.
1856 487 2038 529 Surrexit
2053 503 2073 529 a
2088 503 2147 529 mot

681 558 758 599 tuis
786 568 824 597 et
853 555 1000 597 inferos
1029 554 1187 604 devicit,
1215 564 1345 595 morte
1372 568 1441 595 sua
1461 564 1632 594 mortem
1653 553 1696 594 in
1719 552 2019 596 absconditum
2038 554 2147 608 redegi!

686 634 748 676 32.
777 622 826 662 Et
847 632 1054 676 postquam
1077 620 1286 661 resurrexit
1313 633 1335 660 a
1365 619 1532 660 mortuis
1550 619 1663 659 tertia
1684 617 1766 669 die,
1799 620 1964 673 gratias
1984 620 2061 674 egit
2077 619 2147 661 verb

640 695 660 725 5
684 687 758 728 Dei
793 687 912 740 patris
946 685 1095 728 dicens:
1139 684 1293 726 Gratias
1326 683 1396 725 tibi
1430 698 1522 738 ago,
1563 698 1588 725 o
1622 697 1704 734 rex,
1742 698 1963 736 sermone,
2007 700 2081 740 quo
2105 694 2147 726 tm

684 762 858 794 creatura
888 765 909 792 a
936 763 975 792 te
1005 761 1131 792 creata
1159 761 1229 791 est.
1281 761 1343 803 33.
1374 750 1463 791 Hoc
1483 761 1542 791 est
1561 747 1742 799 verbum,
1775 749 1898 805 quod
1931 752 1975 792 in
2004 749 2106 792 nobis
2126 764 2147 790 es

685 831 754 871 per
780 817 975 870 spiritum,
1004 816 1071 870 qui
1099 827 1229 857 tecum
1259 813 1348 855 solo
1376 814 1559 870 loquitur.

794 881 942 922 Finitus
962 893 1020 922 est
1039 879 1135 922 liber
1156 879 1411 930 Didascaliae,
1441 891 1479 921 et
1498 878 1588 920 Deo
1615 880 1664 920 sit
1692 878 1782 920 laus
1812 894 1999 935 semper,
2029 893 2064 922 et
2080 895 2147 934 sup<

685 960 758 988 nos
788 944 1055 987 misericordia
1083 946 1166 986 eius
1196 945 1233 986 in
1263 956 1479 995 aeternum,
1509 958 1638 986 amen.

797 1062 846 1096 32.
875 1053 964 1086 Haec
993 1053 1169 1096 gratiarum
1199 1053 1285 1086 actio
1307 1053 1339 1085 in
1363 1052 1579 1085 Testamento
1608 1051 1648 1086 D.
1671 1062 1703 1084 n.
1734 1052 1788 1087 ed.
1814 1053 1993 1087 Rahmani
2025 1065 2054 1098 p.
2076 1053 2110 1095 ὃς
2133 1063 2147 1085 s

687 1106 791 1141 multo
814 1107 980 1150 copiosior
1003 1111 1061 1140 est.
