2457 3436
729 361 996 392 Aposrononun
1018 362 1099 398 vm,
1123 364 1174 401 12,
1196 363 1314 396 8—12.
1686 353 1766 391 499

452 472 488 499 er
509 458 758 512 unigenitum
778 457 902 499 filium
921 466 1046 508 tuum,
1075 458 1204 512 ipsum
1223 472 1320 500 vero
1348 466 1439 500 ante
1459 458 1592 500 omnia
1611 459 1767 504 saecula

457 522 666 565 voluntate
686 530 725 565 et
744 523 920 576 potentia
947 530 987 565 et
1004 522 1179 565 bonitate
1198 522 1341 578 absque
1362 523 1611 574 intermedio,
1634 523 1767 577 filium

452 601 522 637 tm,
538 587 694 629 verbum
709 587 850 637 Deum,
869 588 1098 642 sapientiam
1114 589 1325 639 viventem,
1338 589 1628 643 primogenitum
1648 589 1768 630 omnis

452 667 480 703 ε,
523 652 702 707 angelum
741 653 874 707 magni
909 652 1056 694 consilii
1093 653 1161 703 tui,
1198 652 1428 707 pontificem
1464 660 1589 702 tuum,
1629 666 1766 706 regem

452 727 462 759 t
495 717 704 759 dominum
725 718 857 759 omnis
876 725 1048 768 naturae,
1201 718 1376 771 intellegi
1403 731 1448 759 ac
1467 718 1602 759 sentiri
1621 725 1766 772 potest,

477 784 619 833 omnia,
649 790 719 837 per
745 796 852 838 quem
879 784 1019 824 omnia.
1104 815 1114 824 .
1142 782 1208 824 Tu
1236 797 1419 837 namque,
1455 783 1564 824 Deus
1596 790 1766 832 aeterne,

452 861 518 902 ser
550 847 680 901 ipsum
714 846 924 889 condidisti
958 855 996 890 et
1032 862 1101 902 per
1137 849 1264 902 ipsum
1294 855 1433 889 cuncta
1463 846 1635 900 dignaris
1671 861 1766 889 con-

464 912 714 967 providentia
721 928 733 964 ;
754 926 823 967 per
841 926 958 967 quem
981 914 1087 954 enim
1107 920 1149 955 ut
1169 921 1300 954 essent
1319 912 1485 963 donasti,
1506 926 1575 967 per
1594 911 1766 954 eundem

452 989 462 1019 t
493 977 593 1019 bene
615 983 745 1019 essent
774 975 913 1019 dedisti
921 994 933 1028 3
963 978 1071 1019 Deus
1100 986 1140 1020 et
1159 985 1266 1032 pater
1287 978 1477 1030 unigeniti
1505 975 1572 1018 filii
1601 977 1670 1028 tui,
1701 977 1766 1032 qui

453 1057 471 1083 a
509 1048 602 1083 ante
638 1043 773 1083 omnia
809 1041 933 1084 fecisti
969 1041 1183 1085 Cherubim
1223 1050 1261 1085 et
1288 1042 1504 1096 Seraphim,
1543 1041 1694 1083 saecula
1728 1049 1768 1084 et

452 1121 481 1157 ς,
508 1108 671 1149 virtutes
700 1114 740 1149 et
761 1114 970 1161 potestates,
995 1109 1228 1162 principatus
1256 1114 1290 1148 et
1316 1107 1476 1156 thronos,
1510 1106 1766 1161 archangelos

452 1185 524 1223 .os;
559 1179 675 1227 atque
709 1179 800 1226 post
834 1171 928 1213 haec
958 1172 1092 1214 omnia
1125 1186 1195 1227 per
1222 1186 1313 1214 eum
1341 1171 1532 1214 fabricasti
1565 1172 1667 1213 hunc
1698 1173 1764 1227 qui

460 1235 655 1279 mundum
676 1244 903 1291 cunctaque,
932 1251 1031 1291 quae
1058 1238 1099 1278 in
1120 1251 1169 1279 eo
1197 1245 1299 1279 sunt.
1377 1269 1385 1278 .
1414 1237 1517 1278 Nam
1547 1244 1589 1278 tu
1616 1251 1672 1288 es,
1701 1237 1766 1292 qui

452 1310 491 1342 ut
510 1314 703 1343 cameram
721 1303 887 1343 statuisti
913 1309 951 1344 et
970 1310 1011 1344 ut
1036 1302 1172 1354 pellem
1194 1309 1274 1343 exte
1288 1302 1401 1351 admi,
1429 1316 1472 1343 ac
1492 1309 1634 1343 terram
1651 1310 1766 1357 supra

454 1366 647 1408 collocasti
662 1366 746 1408 sola
765 1366 985 1418 voluntate;
1010 1367 1077 1421 qui
1095 1366 1212 1408 fixisti
1230 1365 1524 1408 firmamentum
1542 1374 1580 1408 et
1601 1373 1763 1408 noctem

452 1446 461 1473 ι
492 1430 696 1473 fabricatus
731 1445 786 1482 es,
822 1431 887 1486 qui
920 1431 1048 1473 lucem
1085 1445 1132 1473 ex
1165 1431 1355 1473 thesauris
1390 1431 1553 1473 eduxisti
1590 1439 1628 1473 et
1667 1431 1767 1473 illius

452 1497 554 1538 tione
590 1494 775 1538 induxisti
808 1495 987 1538 tenebras
1020 1495 1070 1538 ad
1104 1497 1278 1551 requiem
1313 1495 1551 1546 animalium,
1589 1510 1687 1551 quae
1727 1497 1767 1538 in

458 1568 688 1612 moventur;
723 1561 789 1615 qui
826 1561 866 1602 in
895 1560 1003 1603 caelo
1031 1561 1155 1603 solem
1186 1562 1349 1616 posuisti
1378 1560 1430 1602 ad
1456 1560 1661 1602 dominium
1694 1561 1770 1602 diei

452 1640 478 1667 u
505 1626 559 1667 ad
584 1625 790 1667 dominium
816 1627 944 1676 noctis,
971 1633 1087 1681 atque
1108 1626 1273 1668 chorum
1293 1625 1488 1668 stellarum
1513 1625 1553 1666 in
1572 1625 1681 1667 caelo
1702 1626 1768 1667 de-

1792 1049 1833 1080 10

1792 1374 1832 1405 15

453 1691 494 1732 in
522 1689 679 1732 laudem
708 1689 1020 1744 magnificentiae
1047 1698 1136 1732 tuae
1144 1707 1156 1742 ;
1203 1703 1264 1733 10.
1302 1691 1367 1745 qui
1395 1689 1520 1731 fecisti
1549 1704 1687 1744 aquam
1718 1689 1767 1732 ad
1790 1697 1834 1728 20

452 1770 494 1798 ac
523 1756 860 1810 expurgationem,
894 1755 1051 1798 vitalem
1084 1770 1213 1798 aerem
1250 1754 1298 1797 ad
1327 1755 1602 1809 aspirationem
1635 1762 1675 1797 et
1710 1769 1768 1797 re·

452 1834 526 1863 iem
548 1828 589 1862 et
608 1819 824 1862 editionem
844 1821 966 1871 vocis,
996 1820 1089 1862 dum
1109 1821 1239 1875 lingua
1258 1834 1389 1862 aerem
1409 1820 1508 1872 ferit,
1535 1827 1575 1862 et
1594 1820 1642 1861 ad
1662 1820 1768 1862 audi-

453 1899 518 1927 em
538 1884 694 1927 adiuvat
722 1885 763 1926 in
782 1884 984 1927 sentienda
1001 1884 1156 1940 loquela
1175 1884 1426 1927 incumbente
1444 1899 1487 1927 ac
1517 1892 1767 1940 penetrante3

464 1949 591 1992 fecisti
621 1950 754 2003 ignem
784 1948 833 1991 ad
854 1949 1036 1991 solatium
1067 1948 1116 1992 de
1144 1950 1328 2000 tenebris,
1357 1950 1405 1991 ad
1433 1949 1671 2004 indigentiae
1703 1964 1768 1992 ex-

452 2028 489 2056 m
526 2021 566 2056 et
600 2021 644 2055 ut
678 2013 942 2056 calefieremus
976 2028 1020 2056 ac
1061 2014 1367 2056 illuminaremur
1401 2014 1447 2055 ab
1483 2028 1531 2055 eo
1539 2031 1551 2066 ;
1606 2027 1665 2056 12.
1702 2016 1767 2070 qui

456 2093 604 2133 agnum
641 2093 662 2120 a
696 2086 797 2120 terra
831 2080 1026 2133 separasti,
1065 2087 1104 2121 et
1138 2079 1230 2121 illud
1265 2079 1423 2134 quidem
1464 2078 1664 2122 reddidisti
1702 2095 1767 2121 na-

493 2144 596 2186 hanc
635 2156 731 2185 vero
772 2142 933 2198 pedibus
975 2145 1149 2199 perviam
1187 2144 1362 2194 effecisti,
1405 2151 1443 2186 et
1479 2144 1571 2186 illud
1607 2144 1767 2199 quidem

455 2287 491 2309 π.
508 2271 668 2317 αἰώνων]
692 2273 745 2308 cf.
765 2273 841 2308 lust.
858 2274 990 2318 Dialog.
1055 2274 1146 2318 μηδὲ
1174 2274 1288 2317 μέσον
1311 2285 1342 2308 τι
1371 2271 1478 2317 τάξῃς
1505 2278 1568 2309 τοῦ
1598 2286 1768 2318 γεγεννη-

453 2347 469 2351 -
500 2325 679 2371 γεννήσας
704 2324 878 2371 βουλήσει
900 2328 990 2372 κτλ]
1056 2325 1163 2368 κότος
1193 2330 1253 2362 καὶ
1282 2331 1345 2363 τοῦ
1376 2326 1596 2372 γεννήματος
1624 2332 1698 2362 κτλ.
1727 2348 1766 2352 —

452 2382 572 2426 )ialog.
597 2392 626 2416 c.
654 2382 731 2415 128:
755 2379 820 2424 τὴν
841 2379 992 2424 δύναμιν
1056 2378 1224 2425 ἀρχιερέα
1255 2382 1344 2426 κτλ.]
1374 2382 1426 2416 Cf.
1455 2394 1485 2416 v.
1517 2392 1566 2424 51.
1611 2382 1769 2415 Eusebius

452 2438 663 2479 τγεννῆσθαι
677 2431 749 2469 ἀπὸ
763 2438 829 2471 τοῦ
843 2433 989 2479 πατρός,
1056 2435 1245 2470 Demonstr.
1262 2447 1379 2480 evang.
1395 2436 1420 2477 1,
1441 2446 1489 2476 10,
1511 2445 1565 2479 23:
1583 2434 1770 2479 ἀρχιερεὺς

452 2492 508 2525 καὶ
528 2492 647 2532 βουλῇ
661 2486 783 2524 αὐτοῦ.
823 2490 990 2523 Sententia
1054 2487 1171 2533 πάσης
1193 2494 1321 2533 νοερᾶς
1336 2492 1398 2524 καὶ
1415 2490 1591 2533 αἰσθητῆς
1605 2490 1769 2528 κτίσεως.

452 2555 477 2578 n
494 2550 544 2578 est
555 2544 689 2583 Ariana,
705 2549 739 2577 ut
755 2543 874 2577 docent
886 2544 989 2577 Atha-
1098 2544 1129 2578 8.
1161 2542 1201 2578 τὸ
1227 2541 1318 2579 εἶναι
1347 2544 1437 2588 κτλ.]
1466 2544 1588 2577 Eadem
1617 2543 1770 2587 leguntur

452 2604 491 2632 at.
508 2604 625 2631 contra
640 2598 782 2631 Arianos
794 2597 849 2637 111,
861 2596 989 2640 66-67
1056 2609 1084 2631 c.
1111 2598 1160 2640 38,
1186 2607 1213 2640 5.
1242 2618 1283 2621 —
1312 2596 1382 2640 πρὸ
1411 2595 1569 2641 πάντων]
1599 2597 1652 2631 Sic
1675 2597 1769 2630 multi

452 2652 502 2685 ius
518 2651 600 2685 Naz.
618 2650 711 2685 Orat.
729 2651 849 2692 XXIX,
867 2650 898 2685 6.
937 2650 989 2685 Cf.
1056 2658 1215 2693 veterum,
1231 2663 1307 2685 cum
1323 2651 1386 2692 alii,
1405 2658 1438 2685 ut
1456 2651 1655 2696 Epiphanius
1674 2651 1714 2685 H.
1727 2651 1766 2694 65

452 2706 533 2740 :tavi
555 2705 590 2739 in
607 2705 691 2739 libro
707 2706 770 2738 Dic
783 2705 887 2750 Apost.
901 2705 990 2738 Kon-
1056 2716 1084 2739 c.
1094 2714 1190 2748 4—5,
1206 2706 1344 2750 angelos
1356 2717 1420 2739 una
1438 2717 1512 2739 cum
1530 2706 1623 2739 caelo
1639 2712 1671 2739 et
1683 2712 1769 2739 terra

480 2771 513 2805 p.
547 2758 620 2803 167.
654 2777 697 2785 —
730 2757 989 2802 α’μεσιτεύτως]
1056 2766 1185 2793 creatos
1209 2770 1283 2794 esse
1306 2766 1472 2793 censeant.
1508 2779 1548 2785 —
1578 2762 1769 2803 Χερουβὶμ

483 2814 567 2848 Naz.
590 2813 686 2848 Orat.
714 2813 789 2854 XX,
813 2823 847 2857 7:
877 2810 990 2857 ἀρχὴν
1023 2841 1029 2846 .
1055 2814 1143 2857 κτλ.]
1157 2813 1208 2848 Cf.
1222 2814 1295 2853 vn,
1311 2823 1359 2857 35,
1377 2823 1409 2857 33
1429 2814 1570 2857 Ps.·1gn.
1583 2813 1682 2847 Trall.
1698 2823 1726 2856 5,
1740 2822 1769 2846 2.

452 2868 554 2912 εἴπω,
575 2865 628 2911 μὴ
646 2864 778 2911 χρόνον
791 2870 989 2911 παρενθῇς,
1102 2877 1150 2901 10.
1175 2864 1194 2901 ὅ
1217 2880 1254 2902 π.
1277 2863 1375 2911 ὕδωρ
1399 2868 1488 2911 κτλ]
1511 2867 1594 2901 Item
1618 2879 1646 2902 c.
1669 2877 1722 2911 29,
1739 2876 1769 2901 2.

1574 2922 1636 2956 32*

1791 2022 1833 2053 25
