2457 3436
772 393 1040 424 Aposrommm
1066 395 1132 431 vu,
1155 395 1186 434 2,
1212 396 1305 427 1—5.

1700 384 1779 423 389

470 490 608 531 Prima
635 490 753 544 igitur
778 498 838 532 est
865 491 925 531 via
954 491 1074 541 vitae;
1104 504 1226 545 eaque
1255 498 1325 541 est,
1355 504 1470 544 quam
1501 497 1540 531 et
1562 490 1642 531 Lex
1672 504 1780 545 prae-

452 554 583 609 {ligere
601 554 805 596 Dominum
826 556 953 596 Deum
973 570 1018 596 ex
1035 563 1112 596 tota
1134 564 1253 596 mente
1276 564 1309 598 et
1328 569 1374 595 ex
1391 562 1468 596 tota
1490 556 1633 604 anima,
1662 569 1779 596 unum

452 635 496 670 n,
520 627 674 675 praeter
700 634 805 675 quem
833 620 934 661 alius
962 634 1034 661 non
1063 628 1127 670 est,
1162 628 1195 661 et
1215 621 1431 675 proximum
1459 621 1553 660 sicut
1579 633 1617 660 se
1644 620 1778 673 ip5um,

457 699 518 735 ne,
547 685 645 740 quod
663 698 734 725 non
751 687 809 725 vis
836 684 906 726 tibi
921 684 1026 740 fieri,
1054 693 1087 726 et
1115 693 1156 726 tu
1177 685 1243 726 hoc
1261 685 1374 726 alteri
1401 699 1446 725 ne
1463 686 1610 740 facias,
1640 682 1677 724 id
1698 691 1776 725 est:

452 765 473 791 ιι
502 750 635 800 oderis,
663 750 778 791 alteri
804 764 848 791 ne
866 751 1010 805 facias.
1059 762 1097 791 2.
1126 750 1335 791 Benedicite
1362 751 1419 799 iis,
1448 750 1513 804 qui
1537 748 1639 790 vobis
1659 748 1777 789 male·
1823 758 1845 790 5

455 822 563 856 orate
578 822 651 869 pro
666 814 985 856 calumniantibus
1002 829 1079 865 vos,
1108 815 1253 869 diligite
1280 816 1447 856 inimicos
1464 822 1614 855 vestros.
1667 813 1780 866 Quae

452 879 518 921 »bis
542 882 686 934 gratia,
712 881 748 921 si
772 879 931 934 diligitis
957 894 1026 930 eos,
1055 882 1121 935 qui
1146 894 1210 921 vos
1235 880 1426 934 diligunt?
1469 879 1616 920 Etenim
1645 878 1782 919 ethnici

453 944 523 985 hoc
547 945 709 997 faciunt.
762 945 830 986 Vos
858 953 982 986 autem
1010 945 1155 999 diligite
1173 959 1244 995 eos,
1272 946 1418 1000 quivos
1446 944 1612 993 oderunt,
1642 951 1676 984 et
1703 944 1777 984 ini·

454 1023 529 1051 non
551 1009 741 1051 habebitis.
791 1022 827 1063 3.
857 1010 923 1052 Ait
952 1011 1076 1052 enim:
1107 1010 1169 1051 Ne
1187 1010 1307 1051 oderis
1329 1010 1452 1050 ullum
1481 1009 1676 1058 hominem,
1706 1022 1778 1049 non

452 1089 525 1124 zm,
558 1089 630 1115 non
657 1074 901 1124 Idumaeum;
933 1089 1024 1116 nam
1061 1089 1201 1116 ornnes
1237 1082 1326 1116 sunt
1360 1074 1434 1116 Dei
1470 1087 1581 1129 opus.
1638 1073 1776 1127 Fugite
1802 1081 1843 1112 10

452 1153 497 1180 m
525 1147 694 1191 naturas,
722 1139 792 1181 sed
812 1139 1031 1182 voluntates
1060 1139 1343 1194 improborum.
1392 1154 1430 1192 4.
1460 1139 1614 1180 Abstine
1637 1152 1661 1179 a
1691 1151 1777 1179 car-

465 1203 729 1258 cupiditatibus
748 1212 788 1246 et
816 1205 1035 1246 mundanis.
1083 1204 1123 1246 Si
1142 1205 1228 1258 quis
1256 1205 1461 1246 incusserit
1479 1203 1548 1245 tibi
1567 1202 1775 1257 colaphum

452 1282 549 1309 eram
577 1269 791 1319 maxillam,
820 1269 966 1310 obverte
993 1269 1056 1310 illi
1082 1278 1115 1310 et
1144 1269 1306 1311 alteram
1314 1284 1330 1319 ;
1359 1283 1441 1310 non
1470 1268 1576 1323 quod
1602 1267 1699 1309 mala
1729 1269 1778 1309 sit

453 1333 504 1375 ed
531 1333 637 1388 quod
673 1334 791 1389 pluris
818 1333 901 1375 fieri
937 1334 1074 1377 debeat
1110 1335 1305 1388 patientia.

453 1398 509 1439 idi
533 1397 819 1440 retribuentibus
853 1399 947 1440 mihi
970 1399 1091 1440 mala.

1364 1333 1488 1375 David
1525 1334 1630 1375 enim
1665 1332 1776 1374 dicit:

1149 1412 1184 1452 5.
1214 1399 1254 1441 Si
1283 1400 1545 1453 angariaverit
1578 1406 1613 1439 te
1640 1398 1777 1452 aliquis
1803 1404 1843 1437 ιδ

452 1462 604 1512 ιίΙΙίανε,
632 1464 730 1504 vade
745 1478 829 1504 cum
858 1463 925 1505 illo
952 1464 1026 1505 duo
1031 1478 1048 1514 ;
1075 1472 1109 1505 et
1127 1466 1174 1514 ei,
1203 1466 1269 1519 qui
1288 1464 1371 1504 vult
1399 1472 1518 1504 tecum
1538 1463 1673 1504 iudicio
1692 1476 1776 1503 con-

464 1535 497 1568 et
514 1530 682 1569 tunicam
701 1536 806 1569 tuam
834 1528 975 1579 tollere,
1005 1529 1147 1570 dimitte
1166 1530 1202 1570 ei
1227 1537 1261 1569 et
1278 1528 1443 1583 pallium
1450 1543 1467 1578 ;
1495 1535 1534 1570 et
1552 1529 1618 1583 qui
1635 1527 1775 1580 aufert,

452 1611 464 1657 ἣ
486 1618 530 1653 >
554 1614 576 1647 h
602 1616 608 1656 1
632 1617 653 1649 3
676 1616 834 1654 διανοίας
855 1626 874 1648 a
897 1615 918 1648 h
943 1626 950 1648 :
977 1617 1090 1658 ψυχῆς
1111 1615 1142 1655 b,
1167 1616 1315 1657 καρδίας
1337 1615 1358 1648 d
1381 1625 1401 1648 e
1424 1626 1444 1658 p
1467 1626 1487 1645 v
1508 1622 1511 1654 ;
1533 1616 1646 1656 ψυχῆς
1670 1623 1678 1646 :
1702 1615 1776 1646 δια-

455 1667 1775 1712 ἀεέὃγίνεσθαιὴΙκαὶσὺεὶιῠε>1>ἀερνξτοῦτσε>ὶ>.

453 1737 455 1754 ι
471 1724 479 1764 Ι
496 1726 549 1760 516
563 1719 660 1757 τοῦτ’
677 1719 775 1757 ἔσται·
792 1741 832 1747 -
846 1719 1071 1765 noniano>
1088 1733 1107 1755 a
1122 1723 1142 1756 b
1162 1724 1168 1765 Ι
1187 1727 1206 1757 7
1222 1721 1473 1767 προσεύχεσθε
1495 1726 1531 1763 -ὶ-
1550 1722 1589 1757 δὲ
1605 1722 1628 1755 h
1647 1725 1651 1761 Ι
1672 1725 1692 1756 9
1716 1723 1777 1755 καὶ

453 1787 462 1810 :
482 1781 525 1816 >
543 1776 590 1810 reI
610 1779 615 1818 Ι
638 1780 681 1811 10
702 1773 767 1820 οὐχ
791 1788 798 1809 :
821 1774 888 1812 οὐκ
913 1777 933 1810 h
954 1781 958 1818 i
982 1781 1019 1811 11
1044 1779 1153 1820 φησὶν
1176 1784 1250 1821 post
1273 1773 1471 1819 ἄνθρωπον
1487 1778 1513 1809 b
1536 1776 1557 1809 d
1579 1776 1602 1809 h
1621 1779 1627 1817 1
1650 1779 1688 1810 13
1711 1787 1776 1809 ‘no-

462 1834 589 1865 κακῶν
612 1842 632 1874 p
655 1842 677 1864 v
694 1834 701 1872 Ι
726 1834 764 1867 16
787 1831 839 1870 εἰς
862 1842 888 1865 τ.
907 1833 1029 1871 degum
1045 1833 1101 1873 (4-
1119 1833 1207 1873 μιάν
1222 1831 1259 1873 h)
1276 1828 1426 1874 σιαγόνα
1444 1831 1465 1864 d
1488 1842 1506 1864 e
1523 1831 1545 1864 h
1563 1831 1593 1863 D
1612 1835 1646 1863 αἳ
1660 1830 1680 1863 i.
1699 1841 1744 1862 m.
1768 1841 1776 1863 z

452 1896 464 1917 a
486 1896 505 1916 v
528 1887 581 1917 An
602 1888 609 1924 Ι
631 1888 672 1919 16
695 1882 829 1927 ἀμύνης
851 1897 858 1918 :
883 1885 903 1918 ἰ.
922 1896 966 1919 m.
990 1896 1008 1919 e
1032 1890 1106 1925 τοῖς
1128 1884 1186 1919 ἐπὶ
1203 1888 1253 1919 τῶ
1269 1888 1372 1919 κακῶ
1388 1882 1609 1924 ᾰποὶιόσεαις
1629 1890 1633 1924 1
1653 1896 1776 1925 τιμιω-

464 1936 765 1982 18ἓν>ἀρν

453 2006 707 2013 --.-—-.—.-..--
723 2008 756 2010 —
776 2008 815 2011 ψ,
830 2008 876 2011 -.

452 2039 537 2071 *aral
566 2038 797 2079 παραινέσεις
818 2040 1002 2080 κυριακῶι·

452 2103 486 2125 ιν
515 2093 778 2133 σνμφωνοῦσαι
802 2095 843 2133 τῇ
866 2095 1000 2138 παλαιᾷ

452 2142 551 2180 etiosa
570 2148 645 2179 τῶν
659 2146 772 2179 θείων
784 2142 919 2187 νόμων·
935 2142 1000 2179 oin-

452 2211 480 2238 ²3
515 2202 649 2241 θυμοῦ,
689 2196 803 2241 φόνου
842 2197 1001 2241 (φθόνου

453 2255 650 2294 ιαφθσρᾶς,
672 2255 834 2296 μοιχείας
856 2255 918 2287 καὶ
933 2251 1000 2286 πά-

452 2307 670 2350 γορευμένης
692 2304 856 2349 (ἀνοσίας
878 2317 897 2341 e
920 2319 940 2351 p
963 2308 1000 2350 v)

467 2363 523 2404 (4-
539 2364 772 2404 σσόσμιτικῆς
787 2371 806 2394 e
821 2372 841 2405 p
853 2363 900 2404 v).
927 2362 1000 2395 Mo-

453 2416 636 2449 nonitiones
654 2415 924 2449 constitutionum
939 2416 1000 2449 do-

453 2480 478 2502 n
508 2469 750 2502 concordantes
785 2480 859 2503 cum
889 2475 999 2503 vetere

452 2533 512 2557 one
534 2523 650 2566 legum
673 2523 868 2564 divinarum;
900 2525 999 2558 inter-

452 2588 496 2618 ae,
538 2577 718 2616 homicidii,
762 2578 1000 2611 abominandae

456 2632 605 2665 adulterii
630 2637 726 2676 atque
750 2632 858 2665 omnis
879 2632 999 2665 vetitae

452 2686 590 2719 actionis
603 2685 864 2728 (sodomiticae).
879 2705 914 2709 ——
932 2686 999 2720 Co-

452 2751 477 2774 tc
498 2740 750 2784 inscriptionem
770 2741 876 2774 versui
894 2741 914 2774 8
930 2740 999 2774 affi-

476 2801 572 2838 caput
597 2793 642 2827 111
665 2794 832 2837 incipiunt.

457 2851 531 2882 πᾶν
547 2848 641 2891 κτλ]
666 2847 763 2882 Locis
782 2848 941 2892 parallelis
965 2848 997 2881 in

452 2903 607 2936 )idaches
629 2902 711 2945 1887
732 2913 763 2946 p.
779 2912 800 2943 4
813 2922 832 2928 -
846 2913 860 2945 5
887 2908 920 2936 et
936 2903 995 2936 Pa-

1067 2045 1151 2071 trum
1169 2044 1274 2082 apost.
1292 2047 1369 2082 1901
1390 2038 1413 2077 l,
1425 2047 1447 2078 4
1462 2036 1658 2070 enumeratis
1676 2036 1775 2069 addo:

1067 2092 1198 2125 Aristid.
1222 2091 1319 2135 Apol.
1339 2103 1365 2124 c.
1387 2101 1441 2132 153
1465 2091 1554 2124 Tert.
1574 2090 1657 2124 Adv.
1675 2090 1775 2123 Marc.

1067 2146 1122 2186 lv,
1148 2145 1201 2186 16;
1223 2146 1318 2189 Orig.
1342 2146 1378 2178 In
1402 2156 1453 2189 ep.
1477 2145 1518 2178 ad
1539 2145 1635 2178 Rom.
1660 2144 1689 2178 11
1713 2155 1739 2177 c.
1757 2155 1778 2188 9

1066 2200 1134 2242 (ed.
1159 2200 1278 2233 Bened.
1301 2199 1357 2239 1v‚
1381 2199 1475 2241 486);
1505 2199 1586 2242 Epp.
1610 2198 1775 2232 cuiusdam

1067 2254 1232 2297 Pelagiani
1249 2254 1299 2287 ed.
1318 2254 1463 2297 Caspari,
1487 2253 1603 2296 Briese,
1627 2252 1776 2285 Abband-

1066 2310 1193 2351 langen,
1223 2308 1390 2351 Predigten
1428 2308 1510 2347 1890
1543 2318 1573 2350 p.
1602 2316 1629 2348 ς,
1657 2316 1688 2350 9,
1722 2306 1777 2345 183

1066 2362 1206 2395 Rabulas
1221 2362 1405 2395 Edessenus
1422 2361 1462 2394 cs.
1482 2361 1522 2394 G.
1540 2360 1670 2399 Bicken,
1695 2361 1777 2392 Aus-

1063 2416 1218 2460 gewcihlee
1231 2416 1384 2459 Schriften
1397 2416 1453 2448 der
1464 2415 1615 2458 syrischen
1626 2414 1776 2446 Kirchen·

1066 2474 1157 2503 vater
1165 2470 1348 2514 Aphraates,
1357 2470 1493 2504 Rabulas
1503 2475 1563 2501 etc.
1575 2479 1586 2501 1
1593 2468 1657 2510 874
1664 2478 1694 2510 p.
1703 2476 1776 2508 240.

1113 2534 1141 2566 3.
1158 2522 1202 2559 οὐ
1218 2522 1280 2564 τὰς
1295 2523 1422 2566 φύσεις
1438 2524 1527 2566 aeth]
1544 2521 1595 2555 Cf.
1613 2522 1668 2562 IV,
1685 2531 1733 2561 10,
1749 2531 1775 2564 3.

1065 2578 1205 2622 Ps.-Ign.
1218 2579 1329 2621 Magn.
1350 2587 1376 2620 5,
1396 2588 1429 2621 3;
1447 2577 1585 2620 Philipp.
1602 2585 1632 2616 4,
1648 2585 1681 2618 3;
1697 2576 1728 2615 6,
1746 2585 1775 2608 2.

1108 2642 1139 2673 4.
1164 2631 1228 2666 ἐάν
1250 2634 1302 2671 τίς
1317 2644 1349 2666 σ.
1364 2635 1393 2665 δ.
1411 2629 1572 2674 ῥάπισμα
1596 2631 1684 2673 aeth]
1709 2630 1775 2663 Ve-

1064 2693 1151 2720 teres
1173 2687 1260 2720 hunc
1277 2686 1387 2720 locum
1404 2686 1488 2719 haud
1506 2695 1580 2718 raro
1597 2686 1776 2723 decurtant,

1064 2751 1126 2774 nec
1144 2751 1223 2774 vero
1238 2741 1322 2774 adeo
1337 2751 1374 2774 ac
1391 2747 1492 2774 testes
1508 2741 1540 2772 in
1552 2739 1638 2773 notis
1657 2738 1775 2772 criticis

1064 2794 1192 2828 laudati.
1228 2794 1279 2828 Cf.
1299 2795 1388 2828 Tert.
1407 2795 1459 2828 De
1477 2801 1542 2838 pat.
1560 2804 1587 2827 c.
1605 2793 1644 2834 83
1662 2792 1775 2837 Cyrill.

1063 2850 1191 2882 Hieros.
1211 2849 1282 2882 Cat.
1299 2848 1386 2889 XIII,
1403 2859 1435 2891 53
1452 2848 1568 2892 Epiph.
1586 2848 1625 2881 Η.
1645 2856 1682 2887 32
1700 2858 1728 2880 c.
1740 2848 1774 2893 *⁶-

1081 2923 1102 2926 --
1128 2900 1171 2938 ου’
1195 2900 1330 2946 φαύλης
1352 2904 1442 2946 κτλ.]
1465 2902 1516 2936 Cf.
1541 2902 1596 2942 VI,
1622 2911 1672 2944 23,
1696 2910 1726 2933 2.
