2457 3436
976 349 1111 378 canu
1138 349 1340 379 nminem.
1828 339 1904 377 135

411 447 648 501 mysterium
677 445 903 487 salvationis
932 456 1097 487 vestrae.
1145 457 1209 486 22.
1239 446 1337 496 Vos,
1368 446 1441 487 viri
1471 457 1510 487 et
1539 445 1735 496 mulieres,
1766 445 1905 500 quibus

411 523 473 554 est
504 512 691 566 gloriatio
725 512 763 552 in
795 510 966 561 Christo,
1000 524 1122 552 unum
1157 508 1259 552 fiatis
1293 524 1384 552 cum
1419 510 1580 552 homine
1615 511 1783 561 interno,
1820 524 1904 561 vos,

411 591 504 620 cum
536 575 675 632 quibus
706 575 882 617 Christus
910 587 1188 618 testamentum
1217 590 1331 617 suum
1362 573 1611 617 confirmavit
1640 587 1679 617 et
1708 577 1746 617 in
1768 574 1906 630 quibus

411 643 594 698 spiritum
622 656 737 683 suum
768 642 911 697 posuit.
961 653 1025 696 23,
1055 642 1102 683 Et
1130 642 1170 682 in
1198 640 1342 683 inferos
1371 656 1529 697 quoque
1558 641 1770 691 descendit,
1800 653 1905 695 post-

412 722 535 763 quam
565 719 743 748 mortuus
771 718 841 755 est,
870 721 1016 762 eosque
1045 720 1184 748 omnes
1212 705 1439 748 vivificavit.
1492 718 1557 759 24.
1588 705 1769 762 Cumque
1799 720 1906 747 mors

412 787 506 815 eum
526 773 806 827 conspexisset,
833 783 1041 826 postquam
1062 772 1108 814 ad
1129 786 1216 814 eam
1238 771 1449 822 descendit,
1474 771 1693 826 perturbata
1714 783 1771 812 est
1790 783 1907 826 atque

412 840 451 880 in
473 852 525 880 eo
544 836 730 893 pabulum
750 836 966 879 secundum
987 851 1100 878 suum
1122 836 1356 878 desiderium
1378 851 1419 878 se
1440 838 1634 878 invenisse
1654 837 1906 878 existimavit.

413 904 521 945 Cum
551 914 682 945 autem
713 902 1042 957 pulchritudinem
1073 901 1286 944 divinitatis
1322 903 1362 943 in
1390 916 1441 944 eo
1468 903 1725 956 conspiceret,
1764 916 1907 956 magna

412 983 517 1011 voce
546 967 727 1010 clamavit
758 967 910 1009 dicens:
950 980 1013 1020 25.
1046 967 1147 1018 Quis
1176 980 1235 1008 est
1254 968 1298 1018 is,
1329 967 1395 1023 qui
1416 981 1480 1008 me
1500 979 1655 1021 superat
1675 980 1802 1022 neque
1822 966 1908 1008 talis

410 1033 650 1090 esu-quales
679 1032 873 1083 homines,
903 1033 969 1087 qui
990 1032 1093 1086 apud
1114 1047 1177 1074 me
1206 1033 1318 1074 sunt?
1367 1033 1469 1083 Quis
1497 1044 1555 1073 est
1583 1033 1628 1083 is,
1657 1033 1723 1088 qui
1754 1046 1907 1086 corpus,

409 1098 523 1155 quod
543 1098 695 1149 necavi‚
715 1112 763 1139 ex
783 1098 943 1139 interitu
962 1098 1191 1139 renovavit?
1222 1098 1322 1149 Quis
1338 1110 1395 1139 est
1416 1099 1461 1149 is,
1477 1098 1642 1153 quisine
1657 1098 1909 1151 corruptione

408 1176 529 1207 natus
559 1174 616 1205 est
645 1175 683 1205 et
711 1164 1005 1217 corruptionem
1035 1163 1191 1214 delevit,
1221 1177 1311 1205 cum
1341 1164 1422 1217 ipse
1443 1162 1747 1218 incorruptibilis
1771 1161 1909 1204 fuerit?

408 1231 479 1271 26.
513 1229 618 1279 Quis
646 1240 704 1271 est
733 1229 778 1279 is,
807 1229 874 1284 qui
904 1228 1107 1270 hominem
1129 1240 1329 1269 terrenum
1350 1229 1488 1279 induit,
1519 1243 1608 1269 cum
1630 1227 1678 1269 de
1698 1227 1807 1269 caelo
1835 1225 1908 1268 sit?

408 1295 522 1345 Quis
551 1306 609 1336 est
638 1295 681 1345 is,
712 1295 777 1350 qui
807 1294 956 1336 alienus
976 1305 1074 1335 esta
1096 1308 1183 1335 mea
1203 1293 1314 1348 lege?
1363 1294 1464 1346 Quis
1485 1305 1543 1335 est
1572 1294 1616 1344 is,
1646 1294 1712 1349 qui
1743 1292 1909 1348 populos

406 1360 516 1402 mihi
546 1358 745 1408 subtraxit,
775 1360 841 1414 qui
869 1360 949 1400 mei
977 1360 1092 1401 sunt?
1140 1371 1205 1412 27.
1237 1360 1340 1410 Quis
1360 1371 1417 1400 est
1446 1360 1491 1410 is,
1521 1360 1586 1413 qui
1616 1358 1744 1399 cibum
1775 1358 1840 1400 dat
1869 1359 1908 1400 vi

407 1426 522 1480 ignis
550 1439 594 1467 ac
623 1426 776 1476 mortis,
805 1439 896 1466 cum
927 1426 1133 1467 victoriam
1164 1425 1212 1466 de
1233 1425 1289 1465 eis
1317 1424 1599 1479 reportaverit?
1648 1424 1750 1474 Quis
1778 1435 1837 1464 est
1864 1424 1909 1472 is,

407 1505 540 1547 quem
574 1490 814 1545 receptacula
849 1490 1097 1531 tenebrarum
1134 1502 1267 1531 tenere
1305 1504 1384 1531 non
1421 1489 1657 1544 potuerunt?
1716 1488 1817 1539 Quis
1852 1500 1909 1529 est

409 1557 483 1597 hic
511 1556 572 1598 vir
598 1557 638 1597 in
669 1555 740 1597 hac
758 1555 857 1597 facie
877 1569 994 1606 nova,
1024 1556 1132 1597 cuius
1152 1556 1210 1597 vis
1231 1570 1295 1596 me
1316 1553 1493 1609 impedit,
1523 1555 1736 1610 quominus
1757 1552 1909 1604 faciam,

410 1635 520 1678 quae
548 1622 664 1663 volo?
721 1623 785 1663 28.
824 1622 926 1672 Quis
955 1633 1013 1662 est
1047 1622 1109 1662 hic
1138 1635 1265 1662 novus
1294 1622 1531 1662 vestimento
1560 1618 1709 1661 funebri
1739 1618 1910 1670 indutus,

412 1687 489 1742 qui
516 1687 597 1728 sine
624 1698 787 1741 peccato
815 1687 897 1728 est?
952 1686 1052 1737 Quis
1073 1697 1130 1727 est
1152 1686 1227 1737 hic,
1257 1686 1324 1741 qui
1350 1686 1631 1727 thesaurarium
1662 1684 1909 1725 tenebrarum

413 1752 546 1807 gloria
573 1766 642 1794 sua
671 1751 798 1807 perdit
827 1765 998 1807 eumque
1028 1765 1108 1792 non
1133 1752 1224 1793 sinit
1253 1765 1364 1792 meos
1393 1749 1635 1800 conculcare,
1664 1750 1732 1792 sed
1762 1751 1912 1791 animas

414 1831 571 1859 sursum
603 1817 722 1868 ducit,
752 1831 851 1873 quae
872 1817 969 1858 mihi
989 1816 1153 1858 traditae
1173 1817 1286 1858 sunt?
1333 1828 1397 1869 29.
1430 1816 1545 1867 Quae
1568 1827 1625 1856 est
1643 1815 1782 1869 gloria,
1812 1829 1912 1870 quae

415 1896 498 1924 una
526 1894 582 1924 est
611 1897 701 1924 cum
730 1882 1019 1936 incorruptibili
1048 1897 1176 1938 neque
1207 1897 1270 1923 me
1299 1896 1385 1923 eam
1407 1880 1535 1923 delere
1560 1880 1675 1922 sinit?
1722 1879 1826 1930 Quis
1855 1891 1912 1921 est

419 1948 469 1998 is,
509 1962 624 2003 quem
660 1948 850 2001 attingere
884 1961 966 1988 non
1004 1947 1189 2001 possum?
1247 1946 1349 1997 Quis
1382 1957 1439 1987 est
1477 1947 1521 1996 is,
1562 1959 1678 2000 quem
1716 1945 1811 1987 haec
1846 1945 1913 1987 lux

419 2013 707 2067 complectitur,
737 2027 835 2068 quae
864 2027 946 2055 non
977 2013 1187 2054 minuitur?
1237 2013 1339 2061 Quis
1368 2024 1425 2052 est
1454 2012 1499 2060 is,
1529 2011 1596 2066 qui
1625 2024 1689 2051 me
1718 2009 1912 2064 deposuit,

419 2093 472 2119 ne
501 2091 592 2119 suos
619 2077 792 2131 perdam,
826 2080 866 2120 in
903 2077 1043 2133 quibus
1071 2077 1168 2119 nihil
1197 2077 1277 2118 est?
1336 2090 1398 2131 30.
1431 2077 1505 2118 Hic
1535 2087 1591 2117 est
1622 2075 1812 2126 Christus,
1848 2076 1913 2130 qui

419 2142 630 2186 crucifixus
659 2156 728 2194 est,
760 2156 922 2199 propter
949 2158 1067 2199 quem
1099 2144 1138 2194 ii,
1169 2144 1235 2198 qui
1264 2157 1285 2184 a
1314 2144 1468 2184 sinistra
1497 2153 1599 2192 sunt,
1634 2140 1682 2182 ad
1712 2140 1911 2182 dexteram

466 2270 605 2305 24—27.
651 2262 792 2308 Cyrillus
832 2263 961 2296 Hieros.
1001 2262 1137 2296 Catecb.

420 2316 514 2357 XIV,
531 2321 585 2361 19:
607 2313 800 2361 Ἐξεπλᾶγη
825 2313 845 2351 ὃ
863 2314 1021 2356 θάνατος
1043 2319 1138 2351 θεω-

420 2369 536 2414 ρήσας
566 2369 692 2405 καινόν
721 2383 799 2406 τινα
829 2367 1053 2406 κατελθόντα
1086 2370 1139 2409 εἰς

419 2419 514 2471 ᾅδην
535 2427 683 2467 δεσμοῖς
703 2430 779 2464 τοῖς
802 2422 933 2460 αὐτόθι
957 2423 1007 2468 μὴ
1031 2436 1137 2459 κατε-

418 2475 589 2522 χόμενον.
611 2478 882 2513 Ps.-Athanasius
889 2479 940 2512 De
952 2478 1137 2522 virginitate

422 2544 452 2566 c.
494 2531 549 2566 16:
584 2530 799 2577 Μνημόνευε
834 2530 899 2576 τὴν
930 2528 1141 2575 δωδεκάτην

423 2580 534 2630 ὥραν,
564 2581 619 2621 ὅτι
649 2585 688 2621 ἐν
717 2584 806 2630 αὐτῇ
836 2586 1092 2630 καταβέβηκεν
1119 2581 1139 2620 ὃ

423 2638 549 2684 κύριος
572 2636 673 2685 ἡμῶν
696 2641 747 2681 εἰς
763 2639 827 2676 τὸν
846 2635 951 2686 ξῖδην·
974 2642 1037 2674 καὶ
1053 2638 1141 2674 ἰδὼν

425 2691 536 2730 αὐτὸν
558 2690 578 2730 ὃ
596 2689 683 2742 ᾅδης
707 2693 830 2739 ἔφριξε
854 2696 915 2729 καὶ
939 2693 1064 2737 ἐξέστη
1082 2693 1138 2728 λέ-

427 2757 518 2793 γων·
544 2751 601 2789 Τίς
624 2748 722 2785 ἐστιν
744 2743 863 2792 οὗτος,
885 2745 906 2783 ὃ
930 2747 970 2783 ἐν
992 2747 1138 2794 ἐξουσίᾳ

426 2804 489 2837 καὶ
509 2800 650 2847 μεγάλῃ
674 2800 823 2845 δυνάμει
848 2799 1057 2842 κατελθών;
1088 2803 1140 2841 τίς

427 2850 543 2900 οὗτος,
578 2853 598 2891 ὃ
629 2855 692 2897 τὰς
721 2854 835 2897 πύλας
865 2860 928 2892 τοῦ
959 2851 1050 2903 ᾅδου
1078 2854 1141 2896 τὰς

1201 2259 1337 2305 χαλκᾶς
1359 2262 1562 2305 συντρίβων
1584 2262 1646 2294 καὶ
1666 2258 1747 2299 τούς
1760 2257 1917 2302 μοχλοὺς·

1204 2314 1287 2356 τούς
1317 2312 1576 2357 ἀδαμαντίνους
1605 2311 1830 2353 συνθλάσας;
1864 2314 1916 2353 τίς

1204 2363 1321 2411 οὗτος,
1350 2365 1370 2403 ὃ
1393 2368 1433 2409 ἐξ
1455 2367 1619 2413 οὐρανῶν
1641 2365 1832 2402 κατελθών
1854 2369 1916 2401 καὶ

1204 2424 1430 2467 σταυρωθεὶς
1452 2423 1514 2456 καὶ
1538 2418 1595 2457 ὑπ’
1614 2420 1704 2463 ἐμοῦ
1719 2425 1784 2457 τοῦ
1804 2418 1916 2455 θανά-

1202 2489 1267 2512 του
1294 2473 1344 2520 μὴ
1373 2473 1636 2519 κρατούμενος;
1670 2476 1723 2515 τίς
1750 2468 1866 2516 οὗτος,
1895 2472 1916 2509 ὁ

1205 2528 1301 2566 λύων
1321 2529 1365 2565 τὰ
1389 2528 1505 2573 δεσμὰ
1526 2533 1601 2565 τῶν
1629 2526 1687 2564 ὑπ’
1716 2529 1806 2572 ἐμοῦ
1829 2541 1916 2572 κρα-

1205 2585 1407 2628 τουμένων,·
1428 2585 1482 2624 τίς
1504 2577 1621 2626 οὗτος,
1644 2579 1665 2618 ὁ
1682 2587 1733 2629 τῷ
1751 2584 1829 2629 ἰδίῳ
1851 2586 1917 2617 θα-

1207 2636 1300 2685 νάτῳ
1334 2638 1399 2682 ἐμὲ
1427 2637 1490 2673 τὸν
1520 2635 1678 2673 θάνατον
1711 2634 1917 2677 καταλύων;

1205 2694 1359 2727 Similiter
1376 2698 1490 2727 auctor
1505 2692 1662 2726 homiliae
1677 2692 1714 2725 In
1732 2691 1916 2735 sepulcrum

1205 2747 1340 2781 Domini
1356 2747 1539 2791 Epiphanio
1560 2745 1752 2789 adscriptae,
1776 2745 1817 2779 cf.
1841 2745 1917 2790 Epi·

1206 2801 1316 2846 phanii
1339 2812 1415 2845 opp.
1439 2801 1489 2835 ed.
1514 2798 1657 2834 Dindorf
1674 2799 1731 2841 lv,
1757 2809 1774 2832 2
1804 2810 1835 2843 p.
1860 2808 1919 2841 253

1206 2855 1422 2900 Evangelium
1446 2855 1620 2888 Nicodemi
1643 2864 1670 2887 c.
1697 2863 1747 2887 22.

1934 1045 1974 1077 10

1935 1368 1974 1399 15

1937 2017 1978 2047 25
