2457 3436
834 366 1100 397 Aposromnuu
1128 368 1194 403 vn,
1223 369 1276 405 37.
1299 369 1416 406 5—38,
1441 370 1471 400 τ.
1816 359 1895 397 439

452 461 537 503 'hae
558 463 595 503 in
624 469 761 504 ventre
790 463 879 513 ceti,
907 464 1024 504 trium
1055 477 1265 518 puerorum
1298 464 1335 505 in
1365 463 1526 505 fornace
1547 464 1660 517 ignis,
1688 464 1827 505 Annae
1856 464 1894 504 in

452 513 657 569 herunculo
692 540 826 568 coram
855 541 955 577 arca,
991 527 1209 569 Nehemiae
1236 542 1280 568 ac
1309 528 1525 570 Zorobabel
1559 530 1598 569 in
1633 529 1896 570 exstructione

452 600 626 642 urorum,
661 591 887 634 Mattathiae
916 599 956 633 et
982 591 1152 633 filiorum
1183 593 1266 633 eius
1302 593 1341 633 in
1371 592 1456 633 zelo
1485 600 1569 643 tuo,
1604 592 1680 634 Iael
1709 594 1749 634 in
1779 593 1897 634 bene-

452 657 655 699 ctionibus.
715 668 751 708 5.
780 657 828 698 Et
857 671 961 698 nunc
990 671 1088 710 ergo
1117 658 1270 711 suscipe
1299 658 1433 711 populi
1462 658 1516 699 tui
1545 671 1679 711 preces
1708 657 1775 699 tibi
1806 672 1895 699 cum

452 721 568 763 ientia
595 736 666 777 per
694 721 897 763 Christum
926 721 1072 763 oblatas
1101 723 1140 762 in
1170 723 1319 776 spiritu.

510 786 743 828 XXXVIII.
777 787 944 840 Agimus
976 786 1046 828 tibi
1074 787 1214 840 gratias
1243 786 1292 828 de
1321 787 1524 836 universis,
1565 787 1739 828 Domine
1769 788 1897 828 omni-

453 858 562 900 tens,
600 851 708 906 quod
737 851 1024 893 misericordias
1052 858 1136 893 tuas
1166 859 1204 893 et
1233 852 1504 893 miserationes
1534 866 1616 893 non
1645 852 1848 893 removisti
1877 866 1897 892 a

455 915 534 966 bis,
573 915 648 958 sed
686 930 755 971 per
790 915 964 970 singulas
1003 923 1147 958 aetates
1187 931 1229 957 ac
1268 917 1546 970 generationes
1585 930 1727 967 servas,
1768 917 1897 971 eripis,

453 979 623 1031 itularis,
661 981 850 1034 protegis.
909 993 946 1023 2.
986 981 1121 1036 Opem
1160 982 1264 1022 enim
1304 981 1423 1022 tulisti
1463 982 1503 1021 in
1543 980 1677 1022 dicbus
1716 981 1823 1023 Enos
1860 989 1898 1022 et

452 1045 590 1096 enoch,
625 1046 665 1086 in
700 1045 837 1088 diebus
865 1046 989 1087 Mosis
1026 1060 1070 1087 ac
1098 1038 1198 1096 Ie'su,
1235 1047 1274 1086 in
1310 1046 1444 1087 diebus
1474 1045 1659 1097 iudicum,
1694 1046 1733 1086 in
1763 1045 1898 1087 diebus

452 1110 563 1152 muel
599 1118 639 1152 et
665 1111 770 1152 Eliae
804 1118 918 1165 atque
952 1112 1243 1166 prophetarum,
1280 1112 1318 1151 in
1354 1110 1489 1151 diebus
1519 1110 1645 1151 David
1672 1125 1716 1152 ac
1746 1125 1897 1164 regum,

469 1174 615 1217 diebus
643 1175 782 1217 Esther
805 1183 845 1217 et
872 1174 1136 1226 Mardochaei,
1164 1176 1204 1216 in
1234 1175 1368 1217 diebus
1387 1175 1529 1224 Iudith,
1558 1176 1597 1216 in
1627 1175 1762 1216 diebus
1781 1175 1897 1217 Iudae

452 1240 628 1282 accabaei
658 1247 696 1282 et
725 1239 885 1282 fratrum
916 1241 1010 1282 eius.
1069 1253 1105 1293 3.
1141 1240 1266 1282 Etiam
1295 1241 1333 1280 in
1365 1239 1500 1281 diebus
1535 1240 1679 1280 nostris
1714 1240 1896 1281 auxilium

452 1303 524 1346 nbis
551 1305 674 1347 tulisti
701 1319 772 1359 per
800 1319 988 1359 magnum
1011 1314 1122 1347 tuum
1143 1304 1372 1359 pontificem
1392 1305 1523 1346 Iesum
1543 1305 1743 1346 Christum
1774 1304 1896 1346 filium

453 1383 537 1411 um.
592 1369 746 1411 Etenim
777 1385 825 1411 ex
852 1369 983 1424 gladio
1018 1369 1191 1411 liberavit
1227 1379 1264 1411 et
1293 1369 1434 1411 alendo
1470 1370 1610 1423 eripuit
1642 1384 1662 1410 a
1698 1369 1813 1419 fame,
1852 1385 1899 1411 ex

452 1434 554 1476 orbo
588 1436 748 1485 sanavit,
783 1449 805 1476 a
832 1434 962 1489 lingua
992 1434 1090 1476 mala
1124 1436 1306 1489 protexit.
1361 1449 1400 1488 4.
1430 1435 1491 1476 De
1520 1434 1704 1476 omnibus
1732 1434 1800 1476 tibi
1831 1449 1900 1489 per

452 1498 614 1541 hristum
641 1500 784 1553 gratias
811 1501 977 1553 agimus,
1006 1501 1071 1555 qui
1092 1506 1130 1541 et
1149 1514 1290 1541 vocem
1312 1500 1546 1541 articulatam
1578 1499 1718 1541 dedisti
1738 1499 1785 1541 ad
1805 1514 1900 1541 con-

452 1563 625 1606 :ssionem
663 1572 703 1606 et
731 1564 904 1618 linguam
939 1571 1068 1619 aptam
1104 1564 1237 1619 plectri
1272 1565 1439 1606 similem
1473 1572 1670 1619 tamquam
1707 1578 1898 1617 organum

452 1628 622 1679 abiecisti,
651 1637 691 1672 et
707 1637 867 1683 gustum
889 1629 1148 1671 commodum
1170 1637 1208 1671 et
1225 1637 1369 1671 tactum
1391 1630 1695 1671 convenientem
1716 1637 1755 1670 et
1774 1630 1900 1670 visum

452 1692 473 1734 d
496 1694 745 1749 spectandum
782 1702 821 1736 et
848 1694 1023 1736 auditum
1051 1694 1099 1736 ad
1129 1695 1417 1749 percipiendam
1446 1708 1588 1736 vocem
1624 1701 1664 1735 et
1691 1693 1898 1735 odoratum

453 1756 623 1801 dodorus
650 1759 888 1801 hauriendos
914 1767 954 1801 et
972 1773 1111 1801 manus
1130 1759 1178 1801 ad
1198 1774 1298 1813 opus
1318 1768 1357 1801 et
1376 1759 1496 1814 pedes
1515 1758 1562 1800 ad
1582 1759 1900 1800 ambulationem.

452 1834 470 1867 ἱ.
479 1823 595 1879 Atque
613 1824 708 1865 haec
728 1825 865 1866 omnia
885 1839 932 1866 ex
952 1838 1068 1879 parva
1088 1832 1196 1878 gutta
1210 1823 1384 1865 formans
1404 1825 1444 1865 in
1461 1832 1573 1866 utero
1594 1825 1708 1865 etiam
1730 1824 1899 1864 animam

452 1888 675 1931 inmortalem
706 1897 799 1944 post
826 1888 1101 1943 figurationem
1123 1889 1259 1940 donas,
1290 1898 1328 1931 et
1348 1890 1387 1930 in
1408 1890 1534 1930 lucem
1556 1888 1739 1944 producis
1758 1888 1901 1929 animal

452 1954 612 2003 ationale,
648 1954 875 2005 hominem3
911 1954 1061 2008 legibus
1096 1968 1185 1995 eum
1216 1954 1426 2003 erudivisti,
1456 1953 1790 1995 iustificationibus
1820 1953 1901 1994 illu-

452 2019 561 2070 msti;
593 2020 786 2061 inducens
821 2019 1119 2061 dissolutionem
1153 2019 1201 2060 ad
1236 2019 1352 2061 breve
1386 2027 1541 2073 tempus
1575 2019 1901 2060 resurrectionem
1949 2032 1964 2048 r

452 2084 640 2135 promisisti.
695 2087 733 2126 6.
772 2084 886 2133 Quae
923 2085 1040 2138 igitur
1075 2085 1152 2126 vita
1186 2083 1382 2125 sufficiens
1416 2091 1455 2124 et
1484 2084 1726 2125 saeculorum
1762 2090 1903 2137 quanta

452 2147 678 2204 longinquitas
707 2148 931 2190 hominibus
960 2150 1050 2190 satis
1080 2150 1152 2190 erit
1181 2148 1228 2189 ad
1251 2150 1460 2203 gratiarum
1490 2150 1712 2190 actionem?
1758 2147 1834 2189 Sed
1865 2147 1903 2188 id

452 2211 571 2264 quidem
608 2227 683 2268 pro
720 2212 908 2267 dignitate
941 2227 1057 2268 agere
1094 2213 1332 2267 impossibile
1368 2221 1439 2263 est,
1480 2227 1551 2267 pro
1590 2213 1732 2254 viribus
1771 2220 1901 2254 autem

452 2286 606 2329 praestare
634 2285 813 2320 sanctum
843 2292 886 2320 ac
915 2279 1034 2332 pium.
1092 2292 1129 2331 7.
1167 2278 1266 2319 Nam
1304 2278 1480 2320 exemisti
1518 2292 1591 2319 nos
1628 2293 1674 2319 ex
1704 2278 1903 2331 impietate

452 2353 566 2394 eorum,
600 2344 667 2398 qui
703 2342 832 2397 plures
866 2343 962 2384 deos
997 2342 1144 2392 colunt,
1180 2350 1218 2384 et
1247 2344 1417 2397 eripuisti
1449 2357 1468 2383 a
1498 2350 1605 2383 secta
1634 2342 1802 2392 illorum,
1839 2343 1903 2395 qui

452 2404 614 2450 Christum
645 2407 890 2458 occiderunt,
919 2407 1086 2449 liberasti
1115 2407 1161 2448 ab
1182 2408 1424 2461 ignorantiae
1444 2421 1595 2457 errore;
1625 2407 1827 2448 Christum
1857 2406 1904 2446 ad

453 2503 673 2514 —*———.-

452 2553 566 2599 hv124
588 2557 824 2598 διαπλάσσεις
846 2569 864 2591 a
883 2560 888 2599 Ι
907 2562 949 2593 27
972 2564 1075 2597 ποῖος
1098 2563 1140 2597 >
1165 2558 1186 2591 d
1212 2560 1217 2600 Ι
1241 2561 1283 2593 28
1306 2556 1420 2592 πόσοι·
1441 2561 1553 2600 μῆκος
1577 2568 1594 2590 e
1617 2558 1638 2589 h
1662 2569 1683 2589 v
1709 2563 1712 2597 ξ
1740 2560 1780 2590 29
1804 2553 1844 2589 τὸ
1868 2557 1905 2590 δὲ

452 2620 471 2643 r.
487 2612 620 2655 δύναμιν
637 2626 645 2647 :
670 2610 798 2657 ἁγνόν·
823 2611 989 2656 εὐσεβές·
1014 2607 1131 2646 ὅσιον·
1157 2610 1348 2646 θειότατον
1362 2613 1382 2644 d
1403 2616 1409 2651 1
1429 2615 1471 2646 30
1487 2612 1666 2654 αἱρέσεων
1680 2611 1701 2643 d
1719 2611 1740 2643 h
1762 2648 1765 2651 ,
1785 2613 1824 2644 31
1843 2613 1906 2644 τοι·-

452 2668 478 2704 ti
496 2677 510 2700 e

480 2817 641 2854 xxxvm.
682 2817 869 2862 Προσευχὴ
906 2817 1131 2861 ἀντιλήψεως
1243 2828 1270 2860 5.
1302 2817 1343 2851 ἐκ
1365 2830 1401 2859 μ.
1426 2814 1602 2859 σταγόνος
1624 2817 1713 2859 κτλ]
1747 2815 1799 2849 Cf.
1831 2815 1908 2848 lust.

453 2870 574 2908 'aalma
611 2874 734 2908 Oratio
756 2883 817 2917 pro
840 2883 896 2917 spe
917 2874 1008 2906 iustis
1025 2872 1129 2905 allata.
1197 2872 1294 2915 Apol.
1318 2872 1343 2911 1,
1371 2883 1419 2914 19.

1924 1059 1963 1088 10

1924 1383 1963 1413 15

1924 1708 1966 1739 20

1928 2355 1969 2385 30
