2457 3436
924 373 1240 404 cons-murmuris
1267 373 1547 404 aros-rotonum.
1885 363 1987 405 XXI

478 469 792 522 ἐμπειρότατος.
848 471 992 521 τρίτον
1018 469 1057 511 ‹5'
1082 468 1143 511 ἔτι
1170 469 1465 522 παιλαιότερον
1490 472 1561 511 καὶ
1590 466 1879 523 ἀκριβέστερον
1897 469 1985 513 α’πὸ

479 539 554 587 τῆς
581 532 912 588 ἐπιφανὲστάτςης
939 534 1067 588 νήσου
1088 534 1262 588 Κρήτης,
1293 531 1393 587 ὅπερ
1422 532 1445 576 ὃ
1466 531 1594 584 αὐτὸς
1621 539 1693 588 τῆς
1713 537 1872 587 ίλέρόας
1898 536 1983 577 ἐπί·

480 611 640 647 σκοπος
668 600 859 651 δαψιλῶς
887 595 1147 653 ὠνησάμενος
1181 599 1415 652 ἐδωρήσατό
1449 615 1531 652 μοι.
1588 595 1639 654 ἧν
1672 601 1715 642 δὲ
1748 606 1877 642 τοῦτο
1903 606 1984 642 τοῦ

481 669 617 715 σοφοῦ
632 660 797 715 Ἀνδρέα
824 668 901 705 τοῦ
930 663 1082 706 όώνου.
1127 663 1284 718 μάρτυς
1302 668 1505 717 Ζαχαρίας
1523 664 1654 717 ἱερεὺς
1681 664 1784 719 κρὴς
1812 662 1835 706 ὁ
1864 678 1983 718 σκορ-

482 728 623 776 6621«,-
652 725 678 770 ὃ
706 728 989 782 ἐπιλεγόμενος
1016 734 1270 782 μαραφαρᾶς,
1300 729 1408 782 α’νὴρ
1432 731 1749 782 πεπαιδευμένος
1767 732 1836 771 καὶ
1855 729 1985 784 λόγου

481 794 686 845 ἔμπειρος,
716 799 796 834 νῦν
813 795 856 835 δὲ
876 799 955 835 τοῦ
973 800 1049 848 τῆς
1068 793 1544 844 κωνσταντινουπόλεως
1562 795 1820 847 πατριάρχου
1837 797 1984 847 κυρίου

479 855 657 910 Ἰωάσαφ
690 858 915 910 ἐπίτροπος
939 855 1129 912 Ἑνετίησι
1163 860 1396 911 διατρίβων.
1449 859 1618 902 τούτων
1652 861 1696 901 δὲ
1735 865 1824 900 τῶν
1851 865 1982 912 τριῶν

481 920 753 976 ἀντιγράφων
780 922 827 964 ἓν
851 925 928 976 μὲν
949 917 1000 977 ἦν
1019 921 1292 976 ἀρχαιότατον
1315 927 1383 966 καὶ
1412 922 1663 976 ὀρθότατον,
1693 917 1729 966 ὦ
1747 925 1793 966 ἐν
1812 929 1862 978 τῆ
1880 922 1983 965 ὕπο-

481 987 666 1030 tunica
695 988 841 1041 σχεδὸν
867 988 974 1030 κατὰ
1001 989 1140 1030 πάντα
1168 988 1520 1042 ἠκολουθήσαμεν.
1569 989 1622 1031 τὰ
1640 991 1683 1030 δὲ
1703 988 1828 1031 λοιπὰ
1847 988 1982 1041 ἔχουσί

480 1068 574 1094 τινα
603 1052 790 1105 ἔμμικτα,
820 1053 871 1095 τὸ
889 1055 965 1105 μὲν
991 1053 1198 1106 πρότερον
1225 1054 1383 1106 ἔξωθεν
1402 1053 1611 1109 ἑρμηνείας
1639 1053 1775 1096 ἕνεκεν
1795 1054 1903 1096 κατὰ
1930 1054 1982 1095 τὸ

479 1117 590 1165 εἰκὸς
618 1117 736 1169 παρά
754 1133 868 1167 τινος
884 1122 1145 1172 φιλαμαθοῦς
1164 1120 1458 1173 σημειωθέντα,
1489 1119 1628 1161 ἔπειτα
1648 1120 1690 1161 δὲ
1710 1119 1777 1161 διὰ
1798 1118 1981 1171 ἀπειρίας

479 1183 548 1223 καὶ
577 1180 764 1234 ἀμαθίας
790 1182 906 1232 τινὸς
935 1180 1213 1236 ἀντιγραφέως
1242 1183 1324 1225 ἔσω
1350 1183 1636 1236 μεταβαλόντα
1663 1186 1731 1226 καὶ
1749 1184 1885 1225 τόπον
1903 1200 1982 1225 κει·

476 1249 610 1299 μένου
627 1243 1001 1302 ἆποκληριόσαντα,
1031 1246 1123 1290 οἶον
1142 1249 1338 1301 ἐπαρθεὶς
1366 1250 1434 1290 καὶ
1452 1252 1674 1299 τυφωθείς,
1705 1245 1797 1290 ἀντὶ
1817 1264 1982 1301 κεπφω-

476 1314 582 1362 θείς,
603 1316 778 1361 πυκνῶς
796 1314 1042 1366 συντρέχειν,
1063 1310 1155 1355 ἀντὶ
1177 1319 1254 1355 τοῦ
1272 1313 1509 1366 πυκνάςειν,
1533 1313 1859 1367 ἐπιμελούμενος,
1889 1311 1981 1356 ἀντὶ

475 1383 558 1419 τοῦ
577 1377 938 1430 ἐπιστρεφόμενος,
951 1380 1189 1429 βαπτίσατε,
1210 1378 1304 1420 α’ντὶ
1320 1383 1396 1421 τοῦ
1410 1379 1601 1433 μυήσατε,
1616 1380 1728 1431 παρὰ
1740 1379 1791 1421 τὸ
1807 1380 1982 1430 πρέπον,

474 1439 574 1484 ἀντὶ
599 1447 680 1484 τοῦ
696 1443 810 1495 παρὰ
829 1442 880 1485 τὸ
900 1443 1120 1495 ἰντρόιτον,
1150 1446 1297 1495 λέξεως
1315 1442 1537 1497 ῥωμαϊκῆς,
1566 1448 1653 1485 κτλ.
1702 1444 1746 1484 In
1770 1445 1981 1498 prooemio

477 1508 682 1548 versionis
699 1507 854 1558 latinae,
883 1522 999 1563 quam
1018 1522 1052 1549 a.
1078 1510 1179 1562 1578
1200 1523 1276 1550 una
1296 1523 1385 1550 cum
1406 1508 1565 1550 scholiis
1587 1516 1625 1550 et
1645 1508 1983 1550 observationibus

475 1573 723 1627 Antverpiae
742 1572 963 1628 publicavit,
983 1574 1151 1628 primum
1173 1573 1350 1616 codicem
1373 1573 1466 1615 dicit
1485 1575 1577 1615 satis
1597 1573 1755 1627 quidem
1777 1574 1979 1627 antiquum

478 1652 571 1678 esse
601 1644 642 1678 et
669 1645 775 1679 recte
802 1638 1004 1692 scriptum,
1039 1638 1108 1681 sed
1140 1637 1240 1680 libro
1276 1645 1419 1680 octavo
1449 1638 1637 1679 inchoato
1668 1645 1706 1679 et
1735 1637 1981 1692 imperfecto,

475 1702 632 1744 addens
665 1703 705 1743 in
742 1702 916 1744 Calabria
950 1718 991 1745 se
1027 1717 1117 1745 eum
1153 1704 1351 1745 invenisse
1391 1704 1432 1744 in
1471 1702 1703 1744 bibliotheca
1738 1704 1980 1753 monasterii,

477 1767 592 1822 quod
620 1775 765 1809 vocant
791 1771 975 1821 ππῆρος
1002 1768 1046 1809 Β.
1072 1768 1217 1810 Mariae
1244 1769 1355 1819 sacri,
1385 1782 1500 1822 quam
1531 1767 1682 1809 incolae
1710 1769 1808 1809 νέαν
1837 1765 1981 1821 ὁδηγή-

477 1847 603 1884 τριαν
630 1833 850 1887 appellant„
868 1847 1036 1888 eumque
1064 1841 1205 1888 quanta
1226 1834 1398 1888 potuerit
1427 1833 1628 1887 diligentia
1657 1833 1905 1886 exscripsisse
1934 1847 1979 1875 ac

479 1911 575 1938 cum
610 1897 692 1938 aliis
727 1898 953 1940 contulisse.
1010 1898 1213 1952 Exemplar
1247 1897 1463 1940 secundum
1499 1912 1569 1939 seu
1605 1898 1778 1939 Siculum
1814 1897 1981 1940 declarat

479 1971 597 2003 vetus
630 1962 806 2017 quidem,
843 1962 912 2004 sed
947 1976 1027 2003 non
1063 1964 1153 2004 satis
1189 1962 1289 2004 bene
1317 1963 1519 2016 scriptum.
1576 1962 1782 2016 Exemplar
1809 1962 1980 2017 denique

480 2027 693 2078 Cretense,
722 2026 832 2082 quod
852 2028 1049 2069 Antonius
1068 2028 1343 2081 Augustinus‚1
1368 2028 1575 2081 episcopus
1594 2027 1815 2077 Ilerdensis,
1844 2035 1982 2081 postea

481 2092 807 2146 archiepiscopus
837 2091 1145 2133 Tarraconensis
1174 2100 1322 2133 emerat
1351 2093 1463 2146 eique
1493 2091 1540 2133 ad
1573 2092 1761 2133 utendum
1790 2092 1983 2133 liberalius

483 2156 773 2206 commodavit,
802 2164 846 2198 ut
865 2156 1021 2211 reliquis
1040 2156 1193 2198 duobus
1214 2157 1352 2198 melius
1372 2164 1409 2198 et
1429 2171 1568 2211 graece
1589 2156 1756 2198 edidisse
1777 2156 1983 2211 profitetur

483 2229 523 2263 et
551 2221 671 2263 latine
700 2221 956 2263 transtulisse.
1013 2221 1147 2264 Editor
1176 2222 1217 2262 in
1246 2236 1296 2263 eo
1326 2221 1484 2276 quidem
1516 2223 1668 2272 erravit,
1703 2221 1810 2277 quod
1840 2221 1981 2263 librum

482 2285 532 2327 ab
564 2285 758 2341 apostolis
793 2285 1013 2340 profectum
1047 2301 1092 2328 ac
1127 2300 1195 2341 per
1229 2286 1479 2328 Clementem
1517 2287 1782 2340 conscriptum
1820 2300 1905 2327 esse
1940 2287 1980 2327 in

483 2351 791 2404 Prolegomenis
825 2358 865 2392 et
903 2350 1070 2392 Scholiis
1105 2351 1377 2393 demonstrare
1411 2360 1575 2393 conatus
1611 2358 1681 2392 est.
1739 2351 1982 2404 Ceteroquin

484 2415 607 2457 editio
638 2416 816 2469 optimae
845 2424 962 2457 notae
992 2423 1062 2458 est.
1106 2416 1323 2457 Turrianus
1343 2416 1521 2457 codicem
1543 2415 1776 2457 Cretensem
1796 2423 1982 2469 tanquam

484 2481 864 2535 praestantissimum
894 2482 1037 2523 merito
1067 2481 1207 2523 ducem
1238 2488 1394 2522 secutus
1414 2488 1474 2522 est
1503 2495 1671 2535 eumque
1694 2480 1983 2521 accuratissime

486 2547 689 2601 expressit.
738 2546 950 2587 Rarissime
977 2553 1129 2588 tantum
1159 2547 1277 2587 ceteri
1301 2544 1457 2586 codices
1477 2545 1529 2585 illi
1558 2544 1824 2598 anteponendi
1854 2551 1986 2593 erant3

485 2612 641 2665 saepius
673 2624 813 2652 eorum
843 2610 1032 2652 lectiones
1060 2612 1100 2652 in
1129 2611 1305 2665 margine
1334 2610 1584 2664 transcriptae
1613 2616 1718 2650 sunt.

595 2675 772 2717 Textum
793 2675 989 2726 Turriani‚
1019 2683 1059 2717 et
1086 2676 1244 2731 quidem
1275 2689 1459 2730 graecum
1484 2682 1523 2716 et
1542 2675 1718 2723 latinum,
1747 2673 1986 2726 repetierunt

488 2740 668 2782 Fronto
707 2740 923 2782 Ducaeus
962 2740 1000 2782 S.
1038 2741 1067 2782 l.
1105 2741 1146 2782 in
1188 2740 1362 2782 editione
1402 2740 1792 2781 Commentariorum
1828 2737 1988 2777 Ioannis

577 2809 610 2849 ”²
635 2826 688 2860 De
714 2808 783 2860 foc
805 2826 998 2871 bibliophilo
1026 2826 1067 2860 cf.
1090 2828 1212 2868 Graux,
1243 2827 1333 2860 Essat
1360 2837 1415 2859 sur
1445 2827 1488 2859 les
1511 2827 1650 2869 origines
1671 2825 1713 2857 du
1727 2823 1828 2867 fonds
1848 2831 1924 2865 grec
1949 2821 1991 2853 de

488 2880 664 2914 tEscurtal
684 2881 915 2926 (Bibliotheque
936 2882 975 2915 de
996 2883 1101 2916 l'dcole
1122 2882 1176 2915 des
1198 2881 1304 2915 bautes
1326 2880 1439 2919 drudes,
1462 2879 1514 2921 46.
1521 2880 1624 2923 susc.)
1651 2878 1734 2911 1880
1757 2888 1786 2919 p.
1805 2873 1989 2916 280—306.
