2457 3436
849 354 1117 405 mosi-omium
1144 376 1225 409 vni.
1254 377 1284 413 9,
1308 377 1404 408 4-9.
1790 366 1868 405 487

452 471 527 511 utet
555 479 683 512 autem
713 472 806 525 ipsos
833 471 880 512 ab
909 472 1011 513 omni
1037 472 1314 526 inquinamento
1342 472 1469 512 carnis
1496 485 1542 512 ac
1559 473 1724 526 spiritus,
1754 478 1869 527 atque

452 544 479 577 it
509 535 601 577 illos
619 537 827 577 restituens
846 536 888 577 in
916 543 1096 578 sanctum
1116 535 1220 577 ovile
1239 550 1373 587 suurn;
1416 550 1454 590 4.
1484 538 1572 591 quia
1593 538 1666 591 ipse
1689 538 1870 591 cognoscit

453 602 711 642 brmationem
731 608 909 650 nostram,
930 601 1116 655 quoniam
1138 602 1218 655 quis
1234 601 1463 654 gloriabitur
1482 601 1662 642 mundum
1681 615 1718 642 se
1736 601 1871 643 habere

463 674 538 707 aut
558 667 642 721 quis
655 667 789 720 poterit
807 665 927 706 dicere
950 674 1089 721 purum
1112 679 1151 707 se
1177 680 1250 707 esse
1274 680 1297 707 a
1316 667 1495 721 peccato?
1519 668 1686 707 universi
1702 680 1871 721 namque

452 732 499 772 tis
529 731 778 771 subiacemus.
842 743 877 783 5.
912 730 1054 772 Adhuc
1089 745 1161 785 pro
1197 731 1343 773 eisdem
1381 732 1568 773 intentius
1603 730 1870 785 deprecemur,

452 809 459 835 t
481 795 673 850 gaudium
692 797 813 836 oritur
832 797 871 836 in
891 795 994 836 caelo
1010 803 1121 850 super
1139 810 1214 836 uno
1224 803 1417 850 peccatore
1436 797 1706 851 paenitentiam
1726 806 1870 850 agente,

452 861 578 902 iversi
605 860 652 901 ab
681 861 793 902 omni
812 873 933 915 opere
960 860 1094 902 illicito
1113 860 1324 914 adiungant
1351 875 1393 902 se
1422 860 1468 902 ad
1490 874 1652 902 omnem
1673 862 1869 903 actionem

452 940 538 976 am,
581 933 625 967 ut
663 926 873 967 hominum
916 933 1067 967 amator
1104 925 1213 967 Deus
1255 925 1566 967 obsecrationem
1610 939 1748 967 eorum
1792 926 1870 967 cito

452 991 563 1045 :ipiat
591 989 754 1046 placide,
781 991 956 1033 restituat
976 1004 1046 1032 eos
1074 991 1114 1032 in
1144 991 1316 1045 priorem
1337 990 1566 1045 dignitatem
1588 1005 1631 1032 ac
1658 991 1791 1032 reddat
1819 992 1870 1032 eis

452 1057 567 1097 itiam
599 1054 783 1096 salutaris
815 1063 849 1096 et
882 1057 1014 1110 spiritu
1042 1056 1250 1110 principali
1281 1054 1471 1110 confirmet
1498 1056 1596 1105 illos,
1631 1070 1677 1096 ne
1709 1056 1872 1110 amplius

453 1128 602 1162 veantur
626 1134 776 1173 gressus
794 1122 969 1175 ipsorum,
998 1119 1068 1161 sed
1088 1128 1293 1162 consortes
1313 1119 1408 1162 fiant
1427 1128 1763 1162 sacrosanctorum
1788 1121 1870 1162 eius

452 1185 653 1238 participes
689 1183 912 1226 divinorum
946 1185 1237 1239 mysteriorum,
1272 1193 1314 1227 ut
1350 1184 1488 1227 redditi
1517 1185 1625 1239 digni
1657 1184 1870 1239 adoptione

455 1257 674 1305 sequantur
691 1251 811 1291 vitam
841 1257 1050 1291 aeternam.
1099 1251 1136 1291 6.
1165 1249 1305 1291 Adhuc
1335 1251 1483 1292 intente
1508 1264 1650 1292 omnes
1678 1263 1750 1305 pro
1779 1251 1871 1304 ipsis

452 1329 574 1357 imus:
604 1315 715 1369 kyrie
736 1314 904 1365 eleison;
932 1314 1034 1356 salva
1054 1328 1137 1366 eos,
1167 1315 1289 1365 Deus,
1321 1322 1360 1356 et
1380 1316 1486 1369 erige
1510 1314 1775 1357 misericordia
1793 1322 1871 1356 tua.

453 1381 563 1422 citati
592 1380 683 1421 Deo
719 1394 787 1434 per
822 1379 1022 1421 Christum
1058 1380 1140 1421 eius
1174 1379 1355 1421 inclinate
1391 1387 1430 1421 et
1463 1380 1625 1434 accipite
1662 1379 1872 1421 benedicti·

452 1459 516 1487 tm.
575 1458 613 1498 7.
647 1445 862 1499 Episcopus
895 1445 1013 1498 igitur
1047 1443 1114 1486 has
1151 1458 1286 1498 preces
1324 1444 1475 1486 fundat:
1523 1446 1547 1486 8
1578 1444 1692 1499 (IX).
1728 1444 1872 1485 Omni-

453 1524 524 1552 ens
553 1510 663 1551 Deus
696 1517 866 1560 aeterne,
905 1509 1131 1552 dominator
1164 1510 1450 1561 universorum,
1486 1517 1636 1551 creator
1671 1516 1709 1551 et
1744 1517 1873 1551 rector

452 1582 631 1625 ictorum,
669 1576 736 1629 qui
760 1574 967 1620 hominem
998 1574 1135 1616 mundi
1164 1574 1353 1616 mundum
1385 1574 1546 1616 effecisti
1574 1588 1643 1628 per
1672 1573 1871 1615 Christum

452 1639 579 1694 legem
609 1640 644 1681 ei
674 1638 813 1681 dedisti
841 1640 1014 1681 innatam
1044 1647 1082 1681 et
1110 1640 1306 1694 scriptam,
1341 1647 1383 1681 ut
1411 1639 1584 1693 legitime
1613 1640 1761 1680 viveret
1789 1646 1871 1680 tan-

452 1718 499 1746 im
540 1705 693 1746 ratione
731 1703 937 1759 praeditus,
976 1705 1119 1759 quique
1154 1705 1202 1755 ei,
1239 1711 1447 1759 postquam
1485 1704 1670 1758 peccavit,
1707 1704 1872 1746 tribuisti

452 1769 600 1811 nitatem
633 1777 742 1811 tuam
779 1770 1073 1811 incitamentum
1108 1769 1156 1810 ad
1193 1770 1487 1823 paenitentiam:
1531 1770 1679 1823 respice
1711 1769 1752 1810 in
1790 1783 1871 1818 eos,

477 1835 671 1876 cervicem
706 1835 857 1876 animae
886 1842 925 1876 et
953 1834 1129 1890 corporis
1157 1834 1439 1875 inclinaverunt
1474 1833 1555 1884 tibi,
1593 1835 1681 1889 quia
1709 1848 1780 1875 non
1815 1836 1872 1875 vis

452 1908 536 1941 rtem
555 1901 777 1954 peccatoris,
804 1899 869 1940 sed
886 1901 1169 1954 paenitentiam,
1199 1907 1240 1940 ut
1266 1907 1414 1940 avertat
1431 1913 1469 1940 se
1494 1913 1519 1940 a
1537 1901 1602 1940 via
1625 1912 1693 1940 sua
1715 1899 1820 1940 mala
1840 1907 1873 1939 et

452 1972 500 2006 at.
554 1977 592 2017 9.
623 1964 708 2014 Qui
736 1964 997 2006 Ninivitarum
1033 1965 1308 2018 paenitentiam
1339 1964 1531 2018 recepisti,
1565 1965 1630 2018 qui
1660 1966 1718 2004 vis
1751 1978 1873 2004 omnes

453 2031 545 2071 vines
561 2029 690 2070 salvos
709 2028 803 2083 fieri
820 2037 852 2070 et
871 2029 923 2070 ad
940 2030 1165 2083 agnitionem
1184 2030 1354 2070 veritatis
1371 2030 1509 2078 venire,
1539 2030 1604 2083 qui
1631 2028 1753 2080 filium
1778 2028 1873 2070 bona

471 2095 663 2136 luxuriose
680 2102 948 2135 consumentem
966 2095 1157 2148 suscepisti
1180 2095 1349 2148 paternis
1375 2093 1584 2135 visceribus
1610 2102 1769 2148 propter
1788 2108 1874 2148 pae-

452 2161 606 2201 entiam:
644 2161 728 2212 ipse
758 2173 862 2200 nunc
890 2172 1048 2214 quoque
1076 2159 1208 2213 accipe
1237 2159 1454 2213 supplicum
1482 2166 1639 2200 tuorum
1677 2159 1874 2213 paeniten-

453 2238 491 2274 n,
520 2226 610 2280 quia
640 2238 713 2264 non
742 2232 806 2273 est,
833 2225 899 2279 qui
919 2238 991 2265 non
1012 2232 1136 2279 peccet
1164 2223 1254 2274 tihi,·
1280 2226 1315 2264 si
1342 2224 1445 2264 enim
1471 2226 1682 2279 iniquitates
1702 2222 1873 2264 observa-

454 2291 494 2340 is,
523 2290 702 2338 Domine,
731 2289 905 2338 Domine,
933 2290 1015 2343 quis
1040 2288 1258 2329 sustinebit?
1282 2290 1455 2343 quoniam
1481 2289 1582 2343 apud
1605 2296 1638 2329 te
1660 2290 1875 2343 propitiatio

453 2429 559 2473 ἱερῶν
582 2441 591 2463 :
616 2432 768 2471 δωρεῶν
789 2429 810 2462 d
835 2429 840 2470 Ι
869 2432 907 2463 15
930 2425 1021 2472 ὑπὲρ
1043 2426 1163 2464 αὐτῶν
1184 2426 1316 2468 πάντες
1338 2429 1359 2461 d
1381 2440 1415 2462 m
1440 2440 1459 2461 v
1487 2431 1491 2471 Ι
1526 2432 1565 2463 18
1588 2423 1653 2463 οὖν
1675 2438 1692 2461 a
1716 2428 1736 2460 d
1760 2440 1767 2461 ε
1792 2429 1830 2462 δὲ
1855 2429 1875 2460 h

452 2495 479 2525 νς
500 2495 519 2517 a
542 2483 734 2528 particulam
759 2481 969 2525 ἐπευχέσθω
995 2503 1034 2507 -
1059 2481 1180 2518 τοιάδε
1213 2490 1245 2517 et
1275 2483 1382 2527 plures
1412 2483 1535 2517 similes
1564 2488 1737 2526 sequentes
1762 2482 1875 2515 litteris

453 2538 571 2572 ,usculis
594 2537 728 2570 exhibet
750 2546 853 2581 aeque
876 2543 973 2581 atque
989 2538 1218 2581 inscriptiones
1239 2540 1242 2574 Ι
1263 2535 1384 2572 τοιάδε
1404 2541 1441 2578 -1-
1460 2534 1536 2570 τιι·ἀ
1553 2537 1573 2569 d
1593 2539 1598 2577 Ι
1618 2533 1876 2578 παντοκράτωρ

453 2605 454 2608 ’
478 2594 484 2633 1
517 2596 557 2626 19
581 2593 645 2625 καὶ
668 2595 713 2630 >
738 2591 759 2624 h
780 2592 785 2632 Ι
804 2588 948 2625 πάντων
970 2602 978 2625 :
1003 2587 1118 2625 ὄντων
1139 2592 1159 2624 d
1184 2593 1189 2634 Ι
1219 2596 1262 2626 20
1285 2589 1424 2633 κόσμον
1447 2589 1587 2632 κόσμου
1611 2602 1630 2623 ν
1662 2592 1666 2629 ξ
1697 2592 1796 2630 22l23
1819 2594 1874 2633 τῆι

455 2650 513 2682 τοῦ
536 2642 740 2690 ἅγαθότητι
764 2645 787 2677 h
805 2646 810 2688 ξ
831 2645 929 2687 24s25
952 2643 1041 2679 ἀλλὰ
1067 2665 1105 2668 -
1131 2640 1225 2680 ὥστε
1250 2657 1257 2679 :
1283 2642 1331 2684 ὥς
1353 2643 1394 2679 τὸ
1418 2656 1450 2677 m
1477 2647 1482 2686 Ι
1510 2648 1551 2679 25
1575 2643 1786 2687 ἐπιστρέψαι
1811 2655 1843 2677 m
1870 2648 1874 2687 Ι

452 2699 459 2731 ἰ
477 2705 521 2740 >
545 2701 567 2733 d
586 2700 592 2743 Ι
613 2703 658 2735 80
681 2699 836 2733 οἰκετῶν
856 2699 877 2732 d
899 2710 932 2733 m
953 2702 956 2741 Ι
978 2703 1078 2742 31132
1100 2697 1353 2743 παρατηρήσης
1375 2699 1397 2732 h
1421 2711 1453 2732 m

453 2910 459 2917 .
481 2885 670 2918 lusci-ibunt
692 2884 822 2917 codices
845 2894 863 2916 a
886 2895 921 2917 v:
946 2885 1170 2926 Χειροθεσία
1196 2881 1284 2926 ὑπὲρ
1307 2886 1380 2917 τῶν
1403 2883 1441 2917 ἐν
1463 2885 1646 2929 μετανοίᾳ.

1896 1070 1937 1101 10

1897 1392 1937 1424 15

1895 1717 1938 1747 20

1897 2039 1939 2071 25

1900 2363 1941 2394 30
