2457 3436
853 379 1164 410 consum-nonus
1192 379 1468 410 Ανοετοωκυκ.
1851 372 1900 410 21

406 480 575 529 νασσῆς,
604 474 696 524 υίὸς
719 471 906 527 Ἐζεκίου,
935 474 1108 528 ποιήσας
1135 475 1187 518 τὸ
1214 476 1400 530 πονηρὸν
1427 475 1610 517 ἐνώπιον
1628 478 1771 528 κυρίου
1800 475 1904 528 ὑπὲρ

407 539 568 588 πάντας
597 539 694 588 τοὺς
720 538 958 593 ἔμπροσθεν
991 539 1136 591 αὐτοῦ,
1170 540 1283 583 καθά
1318 552 1442 595 φησιν
1470 538 1495 595 ἡ
1523 540 1671 594 γραφή,
1706 540 1905 595 ἐπήγαγεν

409 604 474 647 ἐπ’
491 601 623 647 αὐτὸν
651 603 791 657 κύριος
818 604 916 653 τοὺς
935 603 1137 658 ἄρχοντας
1164 611 1236 659 τῆς
1263 605 1474 658 δυνάμεως
1501 609 1578 647 τοῦ
1596 606 1805 656 βασιλέως,
1836 609 1901 647 καὶ

410 670 608 724 δήσαντες
636 669 767 713 αὐτὸν
793 671 839 711 ἐν
866 671 1005 719 πέδαις
1031 674 1198 722 χαλκαῖς
1227 669 1439 724 α’πήγαγον
1467 671 1524 719 είς
1543 674 1786 720 Βαβυλῶνα.
1835 673 1901 711 καὶ

411 728 461 789 ἦν
487 736 699 787 δεδεμένος
715 737 783 776 καὶ
802 736 1077 789 σιόηρωμίνος
1099 735 1144 776 ἐν
1164 736 1267 788 οἴκῳ
1285 739 1480 788 φυλακῆς,
1509 737 1577 777 καὶ
1602 735 1760 776 ἐδίδοτο
1788 734 1905 784 αὐτῷ

411 801 456 841 ἐκ
483 799 674 853 πιτύρων
706 798 830 853 ἄρτος
862 799 1014 853 βραχὺς
1048 803 1115 842 καὶ
1148 797 1262 853 ὕδωρ
1292 799 1431 853 ὀλίγον
1465 799 1542 842 σὺν
1577 798 1661 851 ὄξει
1696 800 1742 841 ἐν
1768 801 1905 853 μέτρῳ

410 864 517 917 πρὸς
545 864 595 907 τὸ
622 868 697 918 ζῆν
725 861 854 906 αὐτὸν
880 868 948 906 καὶ
975 865 1119 918 μόνον.
1167 864 1435 918 συνεχόμενος
1462 866 1506 906 δὲ
1533 863 1692 917 σφόδρα
1719 867 1787 905 καὶ
1817 861 1905 906 ὄδυ-

412 929 598 982 νιόμενος
624 928 788 984 ἐζήτησε
816 929 865 971 τὸ
891 930 1121 982 πρόσωπον
1149 932 1293 983 κυρίου
1310 935 1390 971 τοῦ
1407 934 1526 980 θεοῦ,
1555 933 1624 970 καὶ
1642 929 1905 983 προσηύξατο

411 996 561 1049 λέγων·
606 993 733 1047 Κύριε
772 994 1090 1048 παντοκράτωρ,
1132 993 1155 1037 ὁ
1190 994 1289 1044 θεὸς
1323 1001 1413 1036 τῶν
1452 996 1646 1046 πατέρων
1680 991 1797 1047 ἡμῶν
1831 999 1906 1035 τοῦ

404 1059 579 1112 Ἀβραὰμ
596 1062 663 1101 καὶ
679 1056 815 1101 Ἰσαὰκ
832 1061 901 1101 καὶ
917 1056 1074 1110 Ἰακώβ,
1103 1063 1171 1101 καὶ
1189 1059 1242 1102 τὰ
1261 1059 1362 1113 ἑξῆς.
1410 1063 1477 1100 καὶ
1505 1059 1737 1107 ἐπακούσας
1763 1056 1786 1099 ὃ
1809 1057 1906 1106 θεὸς

410 1130 488 1178 τῆς
515 1128 656 1177 φωνῆς
674 1121 805 1167 αὐτοῦ
827 1126 895 1166 καὶ
914 1125 1108 1173 διαλύσας
1126 1124 1179 1166 τὰ
1199 1124 1323 1178 δεσμὰ
1344 1122 1476 1167 αὐτοῦ
1495 1123 1748 1177 α’πέστρεφεν
1776 1120 1908 1165 αὐτὸν

410 1190 469 1238 εἰς
489 1187 754 1243 Ἰερουσαλὴμ
782 1190 848 1232 ἐπὶ
875 1190 953 1243 τὴν
979 1193 1187 1240 βασιλείαν
1222 1189 1366 1232 αὐτοῦ.
1422 1191 1491 1231 καὶ
1527 1188 1748 1242 λατρεύσεις
1777 1191 1906 1241 κυρίῳ

410 1259 477 1307 τῷ
506 1259 597 1307 θεῷ
629 1255 748 1308 μόνῳ
781 1255 825 1306 ἐξ
857 1254 956 1308 ὅλης
988 1256 1157 1307 καρδίας
1190 1254 1322 1297 αὐτοῦ
1350 1255 1541 1309 ἐλογίσθη
1571 1256 1727 1303 δίκαιος
1758 1253 1827 1308 (C.
1858 1255 1905 1295 A.

411 1319 460 1369 11,
482 1331 549 1369 22,
574 1331 670 1360 10—
683 1318 766 1373 16).
806 1315 843 1360 ὦ
861 1322 1179 1372 φιλανθρωπίας
1197 1324 1313 1369 θεοῦ,
1335 1316 1399 1361 ὅτι
1416 1324 1554 1373 μεῖζον
1574 1320 1907 1371 εἰδωλολατρείας

412 1381 494 1426 οὐκ
520 1383 633 1426 ἔστιν
660 1381 850 1438 ἁμαρτία·
886 1385 943 1433 εἰς
975 1384 1080 1426 θεὸν
1113 1384 1190 1438 γάρ
1223 1385 1335 1426 ἐστιν
1368 1381 1392 1437 ἡ
1421 1385 1641 1433 δυσσέβεια,
1677 1380 1763 1424 ἀλλ’
1797 1381 1909 1436 ὅμως

411 1451 483 1490 καὶ
511 1447 617 1503 αὕτη
644 1448 712 1491 διὰ
737 1451 903 1503 γνησίας
930 1451 995 1490 καὶ
1028 1447 1239 1501 ὁλοψύχου
1257 1451 1474 1501 μετανοίας
1503 1448 1804 1501 συγκεχώρηται
1834 1447 1906 1501 (ib.

412 1529 447 1556 c.
480 1526 546 1567 23,
581 1513 637 1568 ι).

527 1577 563 1632 3’.
603 1577 755 1620 Chron.
785 1592 818 1619 c.
849 1579 914 1629 61,
948 1577 1008 1620 ed.
1039 1578 1207 1620 Muralto
1245 1593 1281 1632 p.
1317 1592 1404 1631 171,
1440 1578 1508 1619 PG
1543 1590 1631 1626 110,
1663 1588 1758 1629 291:
1785 1572 1908 1628 Ὅπερ

414 1640 494 1686 οὖν
519 1645 589 1684 καὶ
617 1643 662 1684 ἐν
689 1651 779 1691 ταῖς
807 1642 1100 1692 α’ποστολικατς
1124 1642 1414 1694 Διατάξεσιν
1442 1639 1710 1695 ὖπεμφαίνων
1739 1639 1763 1682 ὁ
1795 1645 1908 1688 θεῖος

414 1709 538 1761 λόγος
567 1705 680 1750 οὕτω
707 1707 799 1757 πώς
826 1719 966 1762 φησιν·
1000 1704 1093 1750 Ἐἂν
1128 1709 1173 1749 δέ
1200 1724 1262 1757 τις
1295 1708 1341 1749 ἐκ
1368 1707 1634 1760 παρατάξεως
1662 1702 1908 1758 ἁμαρτάνων

412 1772 596 1826 πειράζει
634 1771 711 1814 τὸν
743 1772 849 1814 θεὸν
881 1770 940 1821 ὡς
971 1772 1026 1826 μὴ
1059 1771 1273 1824 ἐπεξιόντα
1306 1782 1393 1821 τοῖς
1421 1780 1629 1826 πονηροῖς,
1668 1768 1692 1812 ὁ
1721 1774 1910 1818 τοιοῦτος

414 1838 562 1891 ἄφεσιν
589 1835 663 1891 οὐχ
689 1836 781 1889 ἕξει,
815 1834 895 1878 κᾶν
928 1838 1021 1890 λέγῃ
1055 1834 1149 1890 παρ’
1181 1836 1334 1890 ἑαυτῷ·
1372 1834 1505 1886 ,ζὈσιά
1532 1851 1602 1889 μοι
1634 1837 1808 1889 γένοιτο,
1846 1831 1909 1876 ὅτι

414 1901 670 1955 πορεύσομαι
696 1902 743 1943 ἐν
769 1907 822 1954 τῇ
849 1901 1089 1955 ἀναστροφῇ
1115 1906 1186 1956 τῆς
1213 1906 1398 1956 πονηρᾶς
1424 1917 1504 1955 μου
1541 1902 1733 1951 καρδίας“
1769 1901 1908 1954 (Deut.

418 1981 484 2020 29,
510 1967 593 2022 19),
622 1970 691 2008 καὶ
717 1966 813 2009 τότε
840 1966 1092 2020 μετανοήσω.
1141 1972 1332 2016 τοιοῦτος
1348 1966 1426 2020 γὰρ
1445 1966 1604 2019 ἐγένετο
1619 1962 1755 2018 Ἀμώς,
1786 1962 1810 2006 ὁ
1833 1968 1911 2006 τοῦ

417 2036 622 2086 Μανασσῆ
653 2031 755 2080 υἱός.
805 2035 929 2086 φησὶν
963 2032 1039 2085 γὰρ
1073 2029 1097 2085 ἡ
1124 2031 1275 2085 γραφή·
1314 2032 1423 2081 ,,Καὶ
1449 2032 1749 2084 παρελογίσατο
1773 2028 1909 2083 Ἀμώς,

416 2096 440 2139 ὃ
469 2101 549 2140 τοῦ
576 2099 776 2151 Μανασσῆ
803 2096 906 2146 υἱός,
936 2096 1130 2149 λογισμὸν
1156 2095 1423 2149 παραβάσεως
1452 2098 1520 2137 καὶ
1549 2093 1677 2137 εἶπεν·
1702 2094 1746 2136 Ὁ
1773 2093 1911 2148 πατήρ

414 2178 498 2215 μου
524 2161 660 2204 πολλὰ
679 2162 726 2203 ἐκ
745 2161 940 2215 νεότητος
967 2162 1230 2216 παρηνόμησε
1260 2164 1326 2203 καὶ
1355 2161 1400 2202 ἐν
1424 2159 1537 2214 γήρει
1554 2159 1813 2213 μετενόησεν·
1844 2162 1908 2200 καὶ

416 2232 496 2269 νῦν
523 2227 606 2280 ἐγὼ
632 2225 897 2280 πορεύσομαι,
932 2227 1078 2275 καθώς
1105 2226 1295 2279 ἐπιθυμεῖ
1328 2224 1352 2280 ἡ
1380 2225 1488 2278 ψυχή
1515 2241 1608 2277 μου,
1643 2227 1710 2266 καὶ
1738 2221 1912 2277 ὕστεροι·

416 2293 653 2345 ἐπιστρέψω
671 2290 778 2345 πρὸς
797 2290 952 2344 κύριον.
999 2293 1067 2332 καὶ
1086 2291 1261 2345 ποιήσας
1280 2291 1330 2332 τὸ
1348 2290 1536 2343 πονηρὸν
1552 2290 1733 2331 ἐνώπιον
1753 2290 1910 2341 κυρίου,

416 2356 726 2409 ἐξωλόθρευσεν
753 2355 885 2398 αὐτὸν
912 2356 957 2397 ἐν
985 2355 1135 2408 τάχει“.
1166 2356 1213 2397 C.
1242 2357 1290 2397 A.
1319 2355 1367 2405 ΙΙ,
1398 2367 1463 2408 23,
1493 2366 1611 2406 2—4.

529 2435 570 2476 4.
611 2420 763 2463 Chron.
793 2435 826 2463 c.
862 2432 949 2471 121,
979 2420 1038 2462 ed.
1070 2420 1239 2461 Muralto
1269 2434 1305 2474 p.
1337 2432 1428 2472 275,
1458 2419 1527 2460 PG
1563 2431 1649 2468 110,
1679 2418 1775 2470 438:
1814 2419 1909 2468 Περὶ

417 2483 469 2529 οὗ
497 2487 544 2528 ἐν
572 2494 659 2534 ταῖς
688 2485 983 2534 ἄποστολικαῖς
1001 2483 1293 2536 Διατάξεσιν
1323 2483 1347 2526 ὁ
1365 2485 1486 2537 μέγας
1506 2481 1739 2529 α’πόστολος
1758 2483 1912 2534 Πέτρος

417 2549 554 2600 οὕτως
581 2550 747 2602 φάσκει·
769 2548 820 2592 ‘11
844 2552 887 2591 δὲ
906 2549 1087 2602 καταρχὴ
1106 2553 1193 2591 τῶν
1212 2549 1408 2602 αἱρέσεων
1429 2552 1518 2589 τῶν
1538 2549 1644 2589 νέων
1676 2547 1785 2600 (τῶν
1805 2547 1912 2587 νέων
1946 2559 1961 2570 ·

417 2617 617 2669 αἱρέσεων
635 2615 733 2670 CG)
761 2617 925 2669 γέγονεν
954 2612 1037 2656 ἀπὸ
1056 2617 1247 2667 Σίμωνος
1275 2618 1352 2655 τοῦ
1377 2612 1521 2666 μάγου,
1552 2610 1597 2660 ὃς
1626 2614 1693 2652 καὶ
1718 2612 1763 2652 ἐν
1782 2614 1912 2665 Συρίᾳ

416 2680 554 2723 πολλὰ
586 2679 910 2733 διαπραξάμενος
943 2677 1077 2721 ἄτοπα
1110 2681 1179 2721 καὶ
1212 2680 1257 2721 ἐν
1282 2676 1408 2731 Ῥώμῃ
1441 2678 1658 2731 γενόμενος
1694 2676 1802 2717 πολὺ
1837 2675 1914 2730 τὴν

417 2747 637 2800 ἐκκλησίαν
664 2744 854 2787 ἐσάλευσε
886 2744 1049 2799 (ἔσκυλε
1069 2744 1165 2798 CG)
1195 2744 1261 2785 διὰ
1277 2746 1441 2796 μαγείας
1468 2744 1534 2783 καὶ
1556 2744 1787 2794 διαβολικῆς
1807 2741 1913 2792 ἐνερ-

417 2814 527 2865 γείας
554 2812 623 2852 καὶ
650 2810 857 2864 ἐμπειρίας
887 2809 958 2864 (C.
979 2810 1026 2850 A.
1048 2809 1116 2859 VI,
1138 2823 1175 2862 7,
1202 2823 1240 2859 1;
1262 2822 1299 2861 9,
1322 2807 1380 2862 2).
1428 2807 1473 2848 ἐν
1497 2808 1572 2859 μὲν
1596 2806 1672 2859 γὰρ
1694 2807 1913 2859 Καισαρείᾳ

418 2881 467 2929 τῇ
497 2875 752 2930 Στράτωνος
779 2875 864 2927 ἐμοὶ
896 2876 1040 2927 Πέτρῳ
1075 2873 1291 2926 συντυχὼν
1325 2874 1516 2925 ἐπειρᾶτο
1549 2872 1805 2923 διαστρέφειν
1838 2869 1915 2911 τὸν
