2457 3436
671 373 939 404 nos-romanu
965 374 1047 412 vm,
1076 374 1108 412 9,
1132 375 1209 406 ιο-
1220 376 1269 412 10,
1293 375 1324 406 7.
1669 363 1749 402 489

467 478 507 512 et
534 471 694 513 restitue
721 470 808 511 illos
836 477 991 511 sanctae
1020 469 1204 511 ecclesiae
1232 477 1321 511 tuae
1351 469 1391 510 in
1421 469 1592 523 priorem
1623 468 1750 522 digni-

453 570 454 573 ,
490 535 687 577 honorem
720 548 789 590 per
818 534 1019 576 Christum
1049 534 1179 576 Deum
1209 548 1253 576 ac
1283 533 1517 576 salvatorem
1554 541 1748 585 nostrum,

452 615 462 641 ι
492 599 560 642 tibi
580 600 703 654 gloria
732 607 770 642 et
789 599 966 641 adoratio
994 600 1035 640 in
1055 606 1191 640 sancto
1212 600 1346 653 spiritu
1368 600 1406 639 in
1428 598 1590 649 saecula,
1618 612 1748 640 amen.

453 666 616 706 iaconus
644 663 762 706 dicat:
791 664 921 714 Abite,
949 665 1014 719 qui
1044 664 1135 705 estis
1165 664 1203 705 in
1234 664 1482 718 paenitentia.

452 729 496 771 Et
514 729 645 771 addat:
676 740 713 770 2.
734 729 867 770 Nemo
889 742 1041 779 eorum,
1066 728 1204 783 quibus
1223 742 1306 769 non
1327 728 1428 778 licet,
1449 726 1617 769 accedat.
1665 728 1748 778 Qui

452 808 561 844 imus,
584 793 787 836 flectamus
807 807 933 847 genu;
961 806 1167 848 precemur
1186 793 1316 834 Deum
1338 806 1406 847 per
1426 792 1627 834 Christum
1648 794 1749 843 eius;

453 866 618 901 ontente
637 859 767 900 Deum
790 872 859 912 per
878 858 1079 900 Christum
1102 858 1185 899 eius
1205 857 1454 912 appellemus.
1506 870 1524 910 3
1549 857 1646 912 (X).
1672 858 1748 899 Pro

452 923 723 978 tranquillitate
752 923 888 965 mundi
917 930 1032 978 atque
1061 929 1281 964 sanctarum
1304 922 1551 964 ecclesiarum
1577 936 1749 974 oremus,

481 989 738 1030 universitatis
772 1000 1000 1042 perpetuam
1034 994 1075 1030 et
1106 987 1283 1030 stabilem
1320 1002 1430 1028 suam
1466 1001 1602 1042 pacem
1635 987 1749 1029 nobis

455 1062 499 1096 ut
537 1068 612 1095 nos
651 1060 859 1095 conservet
899 1060 1191 1107 perseverantes
1229 1053 1268 1093 in
1307 1052 1546 1107 plenitudine
1582 1053 1667 1107 piae
1706 1067 1750 1094 ac

452 1133 468 1160 e
494 1119 656 1160 virtutis.
713 1131 751 1172 4.
781 1118 857 1159 Pro
887 1125 1019 1159 sancta
1055 1117 1243 1159 catholica
1272 1124 1311 1159 et
1348 1117 1561 1172 apostolica
1591 1117 1751 1159 ecclesia

480 1197 603 1238 usque
631 1183 679 1224 ad
699 1182 798 1224 fines
822 1190 980 1224 extensa
1008 1196 1180 1233 oremus,
1211 1190 1254 1224 ut
1274 1183 1471 1224 Dominus
1499 1196 1585 1224 eam
1615 1183 1750 1224 incon-

452 1256 484 1290 εἰ
510 1247 689 1289 fluctibus
709 1261 790 1289 non
811 1248 993 1301 agitatam
1014 1248 1222 1288 conservet
1249 1255 1365 1302 atque
1391 1254 1543 1289 tueatur
1569 1261 1682 1303 usque
1701 1248 1753 1288 ad

453 1314 611 1354 ationem
638 1312 792 1362 saeculi,
812 1313 1026 1367 fundatam
1052 1320 1163 1367 super
1184 1320 1346 1367 petram.
1395 1325 1431 1364 5.
1461 1313 1507 1355 Et
1527 1326 1599 1367 pro
1619 1320 1751 1354 sancta

452 1378 550 1419 »chia
583 1391 757 1427 oremus,
792 1385 835 1419 ut
868 1385 1100 1419 cunctorum
1136 1377 1319 1419 dominus
1354 1377 1469 1419 nobis
1504 1377 1627 1419 donet
1656 1391 1751 1419 con-

452 1443 513 1485 ine
540 1443 773 1484 remissione
794 1442 999 1485 caelestem
1029 1443 1148 1496 ipsius
1167 1456 1277 1496 spem
1309 1450 1348 1484 et
1371 1441 1534 1484 reddere
1563 1443 1635 1496 ipsi
1659 1443 1751 1484 assi-

452 1508 646 1550 ·ecationis
674 1506 859 1549 debitum.
917 1509 954 1548 6.
983 1508 1060 1548 Pro
1090 1508 1272 1548 universo
1303 1507 1373 1548 sub
1402 1507 1515 1548 caelis
1539 1508 1749 1548 exsistente

452 1581 488 1615 tu
512 1586 666 1623 eorum,
694 1573 759 1627 qui
787 1580 884 1613 recte
910 1573 1130 1627 dispertiunt
1155 1572 1310 1613 verbum
1337 1573 1508 1613 veritatis
1534 1579 1636 1622 tuae,
1665 1585 1751 1613 ore-

478 1637 527 1679 Et
554 1651 628 1692 pro
657 1638 844 1692 episcopo
873 1645 1013 1679 nostro
1032 1637 1177 1679 Iacobo
1200 1651 1244 1678 ac
1265 1637 1456 1691 parochiis
1477 1638 1559 1678 eius
1579 1650 1750 1686 oremuS,

452 1716 563 1757 :copo
601 1710 742 1744 nostro
782 1701 989 1744 Clemente
1029 1709 1070 1744 et
1108 1701 1303 1757 parochiis
1345 1702 1426 1743 eius
1466 1716 1638 1753 oremus,
1678 1715 1751 1756 pro

483 1775 623 1809 nostro
650 1766 803 1808 Evodio
838 1774 878 1808 et
914 1768 1107 1821 parochiis
1137 1768 1218 1809 eius
1247 1781 1421 1817 oremuS,
1457 1781 1528 1821 pro
1564 1767 1751 1822 episcopo

452 1833 615 1873 tuniano
650 1839 689 1873 et
722 1831 915 1886 parochiis
950 1833 1032 1873 eius
1061 1846 1277 1886 precemur,
1313 1839 1354 1873 ut
1394 1832 1614 1873 misericors
1644 1831 1752 1873 Deus

452 1917 478 1941 ae
510 1907 630 1941 dicitur
663 1907 975 1940 catechumenorum

467 1961 624 1995 Similiter
641 1961 723 1995 infra
738 1972 766 1994 c.
787 1961 836 2001 16,
855 1970 895 1995 10
911 1971 976 1994 vox

1043 1909 1157 1948 θείας,
1189 1910 1250 1941 καὶ
1283 1904 1373 1950 ὑπὲρ
1402 1910 1474 1941 τῶν
1504 1906 1662 1942 ἐνταῦθα
1691 1909 1753 1941 καὶ

1040 1957 1131 2004 ὑπὲρ
1146 1965 1219 1995 τῶν
1236 1957 1441 2004 ἁπανταχοῦ
1460 1961 1516 2004 (cf.
1534 1973 1564 1995 v.
1587 1959 1684 2004 5-6)
1701 1987 1708 1995 .
1722 1986 1731 1995 .
1744 1987 1753 1995 .

452 2027 469 2050 ε
481 2015 626 2049 adhibita
638 2014 751 2048 fideles
763 2015 975 2048 dimittuntur.

452 2067 627 2112 ιφώνησις
645 2064 734 2113 ὑπὲρ
745 2072 796 2103 τιιῑ
801 2081 818 2101 ν
828 2071 976 2103 πιστῶν.

452 2121 632 2157 ·fidelibus.
657 2141 697 2148 —
721 2123 871 2168 Synodus
890 2122 974 2156 Lao-

464 2186 502 2220 19
530 2178 571 2211 de
600 2177 703 2211 tribus
737 2186 797 2220 pro
828 2175 977 2210 fidelibus

452 2241 462 2264 s
485 2231 573 2271 dicit,
607 2241 743 2275 quarum
766 2241 830 2264 una
852 2240 910 2274 per
933 2230 977 2263 si·

453 2285 583 2318 Ἰικιπιιίει
612 2290 647 2318 et
668 2285 763 2318 tertia
786 2283 843 2318 διὰ
866 2296 977 2327 προσ-

452 2339 675 2383 :expleantun
707 2339 858 2372 Fortasse
873 2339 978 2383 prima

452 2393 498 2426 bis
515 2396 711 2436 δεηθῶμεν
732 2396 806 2427 κτλ.
829 2405 860 2426 v.
879 2402 898 2425 2
920 2393 976 2425 de-

452 2454 473 2481 1.

452 2501 703 2546 :hrysostomus
740 2501 792 2534 De
826 2501 977 2545 prophet,

452 2566 460 2589 ε
484 2556 576 2589 hom.
602 2555 643 2595 11,
661 2564 675 2597 5
702 2555 768 2598 (ed.
785 2555 906 2589 Bened.
923 2555 977 2595 VI,

472 2609 662 2643 orationem
685 2610 862 2652 respiciens
885 2610 977 2643 dicit:

452 2655 582 2703 πάντές
598 2660 794 2703 ἀκούοντες
816 2666 880 2699 τοῦ
903 2666 977 2696 δια-

452 2722 502 2752 ἔτο
524 2714 740 2756 κελεύοντος
771 2719 833 2751 καὶ
856 2717 978 2760 λέγον-

453 2775 557 2815 ῶμει·
579 2768 671 2813 ὑπὲρ
693 2774 756 2806 τοῦ
778 2768 978 2805 ἐπισκόπου

455 2826 552 2870 {owe
573 2827 638 2859 καὶ
660 2828 722 2868 τῆς
742 2822 978 2868 ἀντιλήψεως,

457 2882 603 2922 θοτομῇ
621 2877 685 2914 τὸν
700 2876 808 2922 λόγον
818 2881 881 2922 τῆς
893 2876 976 2922 ἀλη-

1041 2017 1103 2050 καὶ
1127 2011 1215 2058 ὑπὲρ
1239 2019 1299 2059 τῆς
1321 2015 1534 2059 οἰκουμένης
1556 2017 1602 2059 (ν.
1629 2017 1663 2058 3)
1692 2017 1753 2050 καὶ

1040 2065 1131 2113 ὑπὲρ
1153 2073 1215 2112 τῆς
1237 2068 1427 2113 ἐκκλησίας
1448 2073 1511 2111 τῆς
1523 2069 1626 2113 μέχρι
1643 2067 1755 2113 περά-

1042 2135 1114 2157 των
1137 2126 1198 2166 τῆς
1221 2126 1284 2167 γῆς
1308 2122 1545 2167 ἐκτεταμένης
1564 2124 1611 2167 (ν.
1631 2125 1668 2166 4)
1692 2125 1755 2157 καὶ

1043 2173 1133 2220 ὑπὲρ
1167 2180 1239 2211 τῶν
1271 2174 1506 2212 διοικούντων
1533 2174 1644 2220 αὐτὴν
1678 2177 1753 2212 ἐπι-

1043 2229 1191 2264 σκόπων
1214 2228 1382 2265 ἁπάντων
1405 2232 1452 2274 (ν.
1475 2231 1522 2273 6).

1088 2295 1202 2328 3—20.
1226 2285 1295 2319 Hae
1320 2296 1433 2329 preces
1457 2296 1577 2329 magna
1600 2296 1639 2319 ex
1664 2292 1755 2329 parte

1042 2346 1231 2383 repetuntur
1260 2340 1370 2384 paucis
1405 2340 1537 2373 adiectis
1572 2345 1646 2383 post
1678 2339 1753 2383 Epi-

1043 2393 1144 2427 clesin
1174 2404 1201 2427 c.
1237 2402 1285 2433 12,
1313 2402 1452 2436 40-49,
1487 2399 1518 2426 et
1549 2394 1582 2426 in
1613 2393 1754 2427 sormam

1044 2448 1226 2481 breviorem
1248 2448 1396 2481 redactae
1421 2448 1518 2480 etiam
1542 2457 1568 2480 c.
1592 2457 1639 2489 13,
1657 2456 1755 2490 4-9.

1087 2509 1147 2541 4-
1157 2511 1204 2543 15.
1217 2501 1347 2535 Similes
1361 2512 1473 2545 preces
1487 2501 1519 2534 in
1532 2501 1660 2545 liturgia
1674 2501 1755 2534 Am-

1044 2556 1193 2588 brosiana
1207 2556 1304 2588 etiam
1318 2566 1401 2588 nunc
1418 2555 1591 2588 dominicis
1604 2554 1754 2593 Quadra-

1044 2610 1191 2652 gesimae
1216 2610 1463 2652 pronuntiantur
1487 2607 1543 2652 (cf.
1569 2609 1754 2649 Duchesne,

1048 2664 1196 2707 Origines
1220 2663 1391 2696 ed.1etIl
1416 2674 1446 2707 p.
1467 2663 1553 2705 189),
1577 2662 1610 2696 in
1625 2662 1754 2706 liturgia

1045 2717 1193 2750 Romana
1204 2717 1281 2751 seria
1291 2723 1381 2750 sexta
1389 2717 1604 2751 hebdomadis
1613 2723 1754 2750 sanctae.

1089 2782 1117 2814 7.
1143 2772 1203 2804 Vix
1219 2772 1352 2804 dubium
1369 2778 1428 2810 est,
1451 2771 1537 2804 hunc
1554 2782 1683 2805 versum
1700 2777 1763 2804 aut·

1044 2831 1150 2859 totum
1182 2831 1236 2858 aut
1265 2835 1385 2868 magna
1410 2836 1448 2858 ex
1473 2831 1564 2869 parte
1587 2825 1754 2859 Constitu—

1044 2879 1123 2913 toris
1148 2889 1231 2912 esse.

1775 1062 1817 1093 10

1777 1384 1818 1415 15
