2457 3436
844 381 1185 412 sacnfflnmamuu
1212 381 1444 410 summotus.
1712 368 1889 410 XXXIX

393 480 481 521 eius
516 478 729 521 lectionem
768 477 963 533 (θεῖκῶς)
997 479 1155 520 lectioni
1191 489 1413 520 ceterorum
1449 477 1628 519 codicum
1666 477 1890 531 (θετικῶς)

397 544 593 599 praetulit,
622 559 668 587 ac
698 556 802 586 certe
830 545 985 586 erravit.
1038 545 1093 586 Ut
1121 554 1251 586 autem
1282 544 1404 585 lector
1434 544 1647 598 imaginem
1678 543 1891 598 scripturae

397 611 577 665 accipiat,
626 624 677 651 ex
715 610 945 665 apographo
988 609 1316 665 photograpbico,
1357 609 1461 665 quod
1503 609 1571 650 Dr.
1609 608 1639 649 Ι.
1675 608 1729 650 O.
1763 608 1890 650 Braun

399 676 683 730 benignissime
712 675 810 717 mihi
840 674 1020 726 confecit,
1049 676 1087 716 in
1118 676 1406 717 commentario
1440 687 1518 716 tres
1547 674 1608 716 vel
1637 686 1804 729 quatuor
1831 688 1891 715 ca-

399 754 525 783 nones
553 741 707 796 priores
734 740 963 792 transcribo,
992 740 1207 782 canonibus
1225 740 1280 781 111
1298 752 1337 782 et
1355 740 1412 781 IV
1433 741 1473 782 in
1494 739 1593 781 libro
1613 739 1892 782 ottoboniano

402 808 440 849 in
470 821 591 848 unum
622 806 818 848 conflatis.

1115 1144 1182 1184 lx.

518 1241 819 1283 mucronum
848 1240 1212 1282 APOSTOLomJn
1241 1240 1441 1282 POENAE
1469 1240 1565 1281 PRO
1595 1240 1780 1281 LAPSIS.

514 1360 592 1402 Hic
606 1358 756 1401 libellus
774 1360 1026 1414 inscriptione
1044 1359 1232 1414 apostolis
1250 1358 1480 1400 attribuitur.
1509 1358 1672 1400 Canone
1687 1358 1744 1400 XI
1759 1369 1895 1399 auctor

410 1426 565 1480 insuper
592 1440 634 1467 se
654 1425 965 1467 Constitutiones
990 1426 1052 1468 vel
1074 1425 1256 1467 Canones
1285 1424 1554 1479 apostolorum
1586 1425 1780 1465 imitatum
1812 1437 1895 1465 esse

412 1490 551 1545 prodit.
601 1491 707 1533 Tota
736 1502 867 1532 autem
897 1492 1099 1546 scriptura,
1130 1503 1170 1533 ut
1197 1492 1503 1532 commentarius
1523 1490 1651 1541 docet,
1681 1505 1703 1531 e
1732 1489 1895 1531 decretis

411 1557 550 1611 synodi
580 1559 811 1612 Ancyranae
840 1570 884 1598 ac
914 1556 1043 1598 Basilii
1072 1569 1110 1598 et
1131 1555 1357 1598 Canonibus
1385 1555 1654 1610 apostolorum
1686 1554 1895 1609 compilata

411 1633 477 1663 est.
533 1621 668 1677 Itaque
703 1636 783 1664 non
818 1634 906 1664 ante
941 1622 1136 1664 saeculum
1176 1623 1208 1662 V
1247 1634 1303 1664 est
1340 1632 1488 1663 exorta.
1544 1621 1774 1662 Accuratius
1814 1621 1896 1661 cius

412 1698 566 1742 tempus
595 1685 748 1729 definiri
778 1689 925 1742 nequit.

518 1752 706 1794 Traditur
723 1754 911 1807 scriptura
933 1753 1068 1795 codice
1089 1753 1282 1794 Vaticano
1302 1752 1380 1794 828
1400 1753 1475 1793 iam
1499 1750 1558 1806 (p.
1569 1749 1723 1805 XVIII)
1746 1764 1896 1791 memo·

413 1829 495 1859 rato
523 1816 591 1859 sol.
625 1819 713 1872 346.
771 1818 886 1869 Pitra‚
922 1819 988 1873 qui
1023 1832 1109 1859 eam
1141 1819 1179 1859 in
1208 1817 1306 1859 Iuris
1334 1817 1469 1859 eccles.
1501 1816 1639 1858 Graec.
1671 1816 1830 1857 historia
1859 1827 1896 1856 et

414 1884 680 1924 monumentis
694 1883 724 1934 1,
746 1896 956 1937 105-107
976 1883 1198 1938 publicavit,
1217 1897 1303 1925 eam
1324 1883 1441 1924 etiam
1463 1882 1599 1924 codice
1620 1880 1897 1923 Ottoboniano

419 1950 491 1990 160
507 1950 653 1990 servari
673 1948 780 2000 dicit,
801 1962 839 1990 et
858 1964 906 1990 ex
928 1950 1003 1990 hoc
1025 1948 1123 1990 libro
1145 1963 1335 1990 canonem
1358 1947 1635 2003 depromptum
1657 1961 1741 1988 esse
1761 1945 1898 2001 aliquis

414 2028 567 2056 censere
586 2016 721 2069 possit,
751 2015 817 2070 qui
843 2014 945 2069 apud
965 2014 1156 2056 editorem
1179 2015 1393 2069 principem
1414 2014 1573 2055 tertium
1596 2013 1726 2055 locum
1749 2011 1898 2053 obtinet

415 2091 448 2121 et
476 2080 516 2121 in
545 2080 680 2122 codice
710 2079 830 2121 altero
859 2080 978 2122 deest.
1038 2080 1226 2136 Equidem
1260 2094 1346 2121 eam
1378 2080 1417 2121 in
1446 2079 1583 2121 codice
1618 2078 1685 2119 illo
1720 2090 1898 2132 tempore

416 2144 531 2197 brevi,
573 2158 652 2201 quo
690 2145 830 2187 librum
866 2146 1056 2200 inspicere
1091 2147 1213 2201 potui,
1255 2145 1393 2187 frustra
1434 2145 1621 2201 quaesivi.
1679 2144 1781 2186 Pitra
1817 2144 1899 2198 ipse

415 2211 529 2252 alium
560 2211 739 2252 codicem
769 2225 814 2253 ac
844 2212 1078 2253 Vaticanum
1108 2226 1150 2253 se
1179 2226 1259 2253 non
1288 2210 1508 2253 adhibuisse
1544 2209 1673 2265 prodit
1702 2224 1751 2250 ne
1781 2223 1897 2250 unam

417 2275 570 2331 quidem
599 2276 811 2318 lectionem
841 2278 988 2318 variam
1018 2276 1217 2318 exhibens.
1276 2276 1413 2318 Canon
1449 2276 1511 2317 ille
1548 2290 1615 2331 per
1642 2274 1810 2329 aliquem
1842 2288 1900 2315 er-

417 2353 540 2383 rorem
572 2341 735 2383 fortasse
755 2331 794 2383 iri
813 2343 1000 2397 scriptura
1022 2344 1188 2384 insertus
1208 2354 1277 2384 est.
1325 2342 1412 2396 Ego
1432 2341 1601 2383 libellum
1623 2341 1753 2383 denuo
1782 2339 1900 2379 edens

419 2407 589 2449 codicem
627 2408 861 2449 Vaticanum
897 2407 1024 2449 solum
1061 2421 1217 2463 sequor,
1258 2421 1375 2462 quem
1411 2406 1691 2460 benignissime
1727 2419 1799 2458 pro
1837 2419 1900 2445 me

420 2472 576 2514 contulit
607 2473 675 2513 Dr.
705 2472 866 2514 Merkle.
925 2473 1091 2515 Numeri
1120 2486 1317 2515 canonum
1347 2473 1385 2513 in
1414 2470 1550 2513 codice
1579 2470 1729 2512 desunt.
