2457 3436
861 387 1176 418 onustum-roms
1202 388 1478 419 Arosronomm.
1801 378 1916 420 XVII

554 483 693 525 Saeculo
729 483 830 525 XIX
868 482 898 525 1.
936 483 977 525 S.
1014 483 1142 539 Drey
1181 498 1280 539 opus
1318 485 1568 538 sagacissime
1607 486 1832 540 perquirens
1875 486 1914 527 in

483 548 754 591 discretionibus
792 548 843 590 de
879 548 1240 591 Constitutionibus
1276 557 1317 591 et
1351 549 1581 592 Canonibus
1619 550 1916 605 apostolorum¹

421 642 423 646 -
482 614 584 668 (1832)
610 614 683 655 hoc
718 614 892 656 censuit:
926 613 1047 655 libros
1074 614 1205 656 I-VI
1233 615 1345 656 annis
1376 626 1592 668 250—300
1620 616 1785 670 scriptos
1815 629 1915 666 esse,
1962 657 1966 662 ,

480 678 574 720 librum
596 678 664 720 VII
690 679 849 720 saeculo
878 679 936 720 IV
964 680 1147 731 ineunte;
1177 680 1276 721 circa
1304 693 1451 721 annum
1474 692 1553 733 350
1571 679 1710 722 librum
1733 680 1823 721 VIII
1852 694 1916 721 ex-

480 750 568 785 ortum
591 758 754 798 eumque
780 758 803 785 e
821 744 1020 798 scripturis
1048 743 1304 786 veterioribus
1333 745 1585 799 compilatum
1616 753 1655 787 et
1682 745 1728 787 ab
1756 752 1914 787 auctore

479 822 536 849 cum
557 808 643 850 libris
670 808 865 863 prioribus
895 810 1150 851 coniunctum
1181 823 1287 861 esse;
1315 808 1471 851 saeculo
1492 809 1530 850 V
1550 817 1717 852 exeunte
1747 810 1914 864 denique

478 872 609 915 Canones
634 873 907 930 apostolorum
938 873 1112 916 adiectos
1140 873 1272 915 fuisse.
1328 873 1358 915 1.
1389 873 1493 915 Guil.
1522 874 1703 916 Bickell
1731 874 1770 915 in
1799 881 1914 916 tomo

477 937 617 980 Historiae
643 939 737 979 iuris
766 938 1015 981 ecclesiastici
1043 939 1173 993 primo
1194 937 1372 993 (1843)²
1394 939 1629 981 sententiam
1659 940 1773 980 novis
1802 953 1914 993 argu-

477 1004 574 1044 mentis
600 1003 717 1046 allatis
752 1002 1033 1053 corroboravit,
1072 1017 1236 1058 eamque
1271 1018 1343 1059 per
1376 1003 1485 1058 plura
1519 1003 1709 1046 decennia
1741 1004 1914 1059 plerique

476 1068 522 1108 viri
542 1067 627 1109 docti
651 1069 693 1110 in
722 1068 936 1110 Germania
963 1068 1087 1109 secuti
1115 1075 1218 1110 sunt.

546 1132 611 1173 Iam
649 1146 756 1175 anno
804 1134 909 1185 1854
950 1140 1079 1174 autern
1122 1133 1297 1186 Lagarde
1338 1133 1597 1175 Didascaliam
1643 1131 1912 1187 apostolorum

474 1197 576 1249 syriace
598 1197 773 1239 traditam
803 1197 1036 1252 publicavit³
1064 1212 1228 1252 eamque
1257 1197 1410 1240 fontem
1440 1197 1502 1239 vel
1530 1199 1696 1252 primam
1725 1197 1912 1239 librorum

476 1259 562 1303 l-vl
575 1262 907 1304 Constitutionum
930 1262 1144 1304 editionem
1167 1277 1252 1304 esse
1273 1264 1476 1317 cognovit.
1515 1265 1636 1305 Anno
1662 1263 1759 1316 1883
1783 1262 1912 1304 Philo-

476 1325 552 1366 theus
566 1326 768 1381 Bryennius
798 1327 938 1369 librum
968 1327 1101 1378 edidit,
1130 1328 1196 1383 qui
1226 1327 1446 1370 inscribitur
1465 1327 1613 1382 Διδαχὴ
1642 1331 1732 1369 τῶν
1751 1327 1911 1369 δώδεκα

477 1385 667 1432 ἀποστόλων
694 1393 839 1447 quique
867 1391 956 1433 sous
984 1393 1101 1446 partis
1129 1393 1270 1447 prioris
1289 1392 1373 1434 libri
1395 1392 1469 1434 VII
1490 1400 1560 1434 est.
1610 1391 1765 1442 Quibus
1793 1393 1912 1446 scrip-

476 1455 541 1495 turis
560 1457 590 1496 in
614 1456 734 1499 lucem
755 1456 956 1511 productis
976 1458 1118 1500 rectius
1138 1456 1187 1499 de
1206 1458 1362 1511 origine
1382 1458 1726 1499 Constitutionum
1751 1456 1910 1498 iudicari

477 1521 573 1571 potuit.
610 1522 685 1564 Iam
714 1522 810 1564 olim
840 1522 1043 1564 Petavius⁴
1072 1529 1111 1564 et
1129 1522 1292 1574 Usher‚⁵
1320 1522 1432 1564 locos
1453 1522 1794 1564 constitutionum
1826 1521 1909 1575 (vel

479 1585 568 1636 potius
582 1586 831 1642 Didascaliae)
859 1586 906 1629 ab
924 1587 1141 1642 Epiphanio
1169 1587 1357 1641 allegatos
1386 1601 1476 1629 cum
1497 1593 1607 1628 textu
1627 1586 1742 1627 nobis
1765 1585 1908 1627 tradito

479 1659 704 1703 comparantes,
733 1653 964 1707 scripturam
993 1659 1165 1694 veterem
1195 1666 1217 1694 a
1237 1653 1459 1706 posteriore
1477 1650 1794 1692 transformatam
1823 1664 1908 1692 esse

478 1724 706 1767 perspexerunt.
763 1718 873 1772 Drey
908 1731 990 1758 non
1019 1717 1146 1758 solum
1183 1730 1283 1771 opus
1318 1718 1359 1757 in
1395 1716 1524 1770 plures
1557 1723 1685 1770 partes
1721 1715 1908 1766 distinxit,

477 1776 633 1822 sedetiam
661 1782 833 1835 singulas
861 1789 989 1836 partes
1018 1781 1179 1823 diversis
1206 1780 1450 1835 temporibus
1480 1787 1635 1823 exortas
1673 1795 1759 1823 esse
1792 1787 1908 1835 atque

478 1839 506 1880 in
528 1845 714 1888 universum
749 1847 886 1888 saltem
921 1846 1016 1888 tales
1054 1846 1103 1888 ad
1137 1860 1211 1887 nos
1246 1846 1470 1900 pervenisse
1511 1847 1674 1896 censuit,
1717 1846 1848 1900 quales
1886 1860 1907 1887 e

478 1909 602 1951 manibus
630 1919 832 1954 auctorum
868 1911 1114 1965 prodiissent.
1171 1911 1287 1952 Nunc
1323 1910 1573 1952 manifestum
1608 1918 1679 1961 est,
1719 1910 1766 1951 ad
1807 1924 1908 1965 opus

477 1976 741 2026 componendum
783 1977 989 2030 scripturas
1028 1976 1267 2031 antiquiores
1309 1975 1497 2017 adhibitas
1537 1990 1580 2017 ac
1615 1975 1908 2017 transformatas

477 2032 566 2078 fuisse
610 2041 716 2083 Duae
752 2056 800 2082 ex
834 2041 905 2083 illis
939 2041 1136 2095 scripturis
1171 2040 1284 2082 nobis
1321 2048 1439 2082 notae
1476 2048 1579 2091 sunt,
1620 2054 1761 2096 easque
1795 2047 1909 2095 atque

478 2111 576 2144 novam
599 2104 776 2156 formam,
805 2107 846 2147 in
874 2120 989 2160 quam
1019 2105 1196 2147 redactae
1224 2112 1329 2156 sunt,
1358 2113 1644 2160 comparantes,
1673 2120 1795 2147 unum
1822 2119 1910 2146 auc-

477 2169 566 2208 torem
581 2172 827 2225 perspicimus
849 2185 987 2212 manus
1006 2172 1046 2212 in
1067 2185 1130 2212 eas
1151 2170 1326 2212 intulisse
1345 2170 1407 2212 vel
1427 2170 1765 2212 Constitutionum
1792 2169 1911 2211 libros

479 2226 569 2273 1-Vl
583 2243 614 2276 et
631 2236 704 2277 VII
722 2235 953 2277 confecisse.
989 2235 1098 2277 Idem
1119 2243 1253 2277 auctor
1274 2234 1374 2276 haud
1395 2235 1508 2277 dubie
1529 2236 1645 2277 etiam
1665 2235 1803 2276 librum
1821 2234 1913 2275 VIII

478 2298 660 2352 compilavit,
689 2301 729 2342 in
761 2309 869 2355 parte
898 2301 1021 2356 prima
1051 2300 1107 2354 (c.
1134 2300 1257 2355 1—2)
1286 2299 1449 2343 fortasse
1476 2301 1680 2355 Hippolyti
1705 2305 1910 2341 tractatum

479 2354 513 2397 de
526 2361 786 2408 charismatibus
810 2364 1054 2419 deperditum
1081 2365 1121 2406 in
1148 2379 1261 2406 usum
1281 2379 1396 2406 suum
1424 2372 1671 2414 convertens,
1700 2365 1739 2405 in
1768 2363 1912 2418 reliqua

477 2430 560 2475 Pane,
581 2443 644 2484 qua
673 2429 833 2471 ordines
863 2438 901 2472 et
930 2430 1082 2484 liturgia
1103 2429 1371 2472 describuntur
1391 2445 1435 2472 ac
1456 2430 1611 2484 regulae
1632 2429 1911 2471 ecclesiasticae

477 2496 707 2546 proponuntur,
737 2495 980 2550 disciplinam
1010 2497 1070 2537 sui
1098 2497 1288 2550 temporis
1318 2496 1529 2549 respiciens
1558 2495 1620 2536 vel
1650 2495 1764 2536 etiam
1795 2494 1913 2547 scrip-

477 2554 549 2594 tutas
573 2557 611 2599 de
637 2559 707 2601 illis
737 2560 852 2602 rebus
886 2568 1046 2614 agentes
1083 2560 1282 2610 adhibens,
1318 2573 1392 2601 suo
1427 2574 1538 2601 more
1574 2566 1742 2608 mutans,
1779 2557 1912 2599 delens

447 2645 458 2656 0
479 2629 679 2648 X*-

553 2678 562 2696 ¹
581 2676 655 2711 Neue
668 2678 939 2722 Untersuchungen
955 2680 1030 2712 fiber
1043 2680 1097 2712 die
1111 2679 1361 2712 Constitutionen
1379 2678 1444 2711 und
1456 2678 1603 2711 Kanones
1613 2678 1669 2710 der
1683 2677 1808 2721 Apostel
1823 2675 1915 2718 1832.

554 2731 563 2749 ²
583 2730 746 2766 Geschichee
767 2733 820 2766 des
842 2733 1079 2767 Kirchenrechts
1102 2733 1116 2766 1
1142 2733 1234 2775 1843.

555 2786 564 2802 ³
581 2783 751 2821 Didascalia
774 2788 1000 2831 apostolorum
1025 2788 1152 2833 syriace
1178 2788 1270 2829 1854.

555 2840 565 2856 ⁴
583 2837 739 2884 Epiphanii
763 2852 841 2886 opp.
868 2840 947 2875 1622
972 2848 1040 2876 not.
1063 2842 1095 2875 X
1118 2841 1160 2874 ad
1182 2841 1278 2873 Haer.
1302 2850 1354 2882 70.

557 2892 567 2911 ⁸
583 2890 742 2939 Polycarpi
765 2901 797 2929 et
821 2894 938 2939 Ignatii
962 2895 1122 2940 epistolae
1149 2894 1231 2935 1644
1254 2894 1381 2938 proleg.
1405 2904 1433 2926 c.
1455 2891 1574 2927 6—16.
