<?xml version="1.0" encoding="UTF-8"?>
<!DOCTYPE html PUBLIC "-//W3C//DTD XHTML 1.0 Transitional//EN"
    "http://www.w3.org/TR/xhtml1/DTD/xhtml1-transitional.dtd">
<html xmlns="http://www.w3.org/1999/xhtml" xml:lang="en" lang="en">
 <head>
  <title>
</title>
<meta http-equiv="Content-Type" content="text/html;charset=utf-8" />
  <meta name='ocr-system' content='tesseract 3.04.00' />
  <meta name='ocr-capabilities' content='ocr_page ocr_carea ocr_par ocr_line ocrx_word'/>
</head>
<body>
  <div class='ocr_page' id='page_1' title='image "./didascaliaetcon00funkgoog/didascaliaetcon00funkgoog_0932.png"; bbox 0 0 2457 3436; ppageno 0'>
   <div class='ocr_carea' id='block_1_1' title="bbox 905 267 1895 304">
    <p class='ocr_par' dir='ltr' id='par_1_1' title="bbox 905 267 1895 304">
     <span class='ocr_line' id='line_1_1' title="bbox 905 267 1895 304; baseline 0 0"><span class='ocrx_word' id='word_1_1' title='bbox 905 274 1107 304; x_wconf 66' lang='lat' dir='ltr'>nccmsmz</span> <span class='ocrx_word' id='word_1_2' title='bbox 1134 275 1403 304; x_wconf 72' lang='lat' dir='ltr'><strong>AEGYPTJACAE.</strong></span> <span class='ocrx_word' id='word_1_3' title='bbox 1819 267 1895 304; x_wconf 82' lang='grc'>115</span> 
     </span>
    </p>
   </div>
   <div class='ocr_carea' id='block_1_2' title="bbox 408 369 1897 487">
    <p class='ocr_par' dir='ltr' id='par_1_2' title="bbox 408 369 1897 487">
     <span class='ocr_line' id='line_1_2' title="bbox 408 369 1897 433; baseline 0.002 -23"><span class='ocrx_word' id='word_1_4' title='bbox 408 370 525 410; x_wconf 89' lang='lat' dir='ltr'>XXV</span> <span class='ocrx_word' id='word_1_5' title='bbox 555 369 657 425; x_wconf 74' lang='lat' dir='ltr'>(tv).</span> <span class='ocrx_word' id='word_1_6' title='bbox 687 371 811 433; x_wconf 76' lang='lat' dir='ltr'>Quod</span> <span class='ocrx_word' id='word_1_7' title='bbox 837 381 927 413; x_wconf 89' lang='lat' dir='ltr'>non</span> <span class='ocrx_word' id='word_1_8' title='bbox 955 371 1086 413; x_wconf 77' lang='lat' dir='ltr'>decet</span> <span class='ocrx_word' id='word_1_9' title='bbox 1116 373 1374 423; x_wconf 78' lang='lat' dir='ltr'><strong>quempiam</strong></span> <span class='ocrx_word' id='word_1_10' title='bbox 1403 373 1574 422; x_wconf 81' lang='lat' dir='ltr'>aliquid</span> <span class='ocrx_word' id='word_1_11' title='bbox 1601 374 1722 414; x_wconf 81' lang='lat' dir='ltr'>vesei</span> <span class='ocrx_word' id='word_1_12' title='bbox 1750 374 1797 413; x_wconf 82' lang='lat' dir='ltr'>in</span> <span class='ocrx_word' id='word_1_13' title='bbox 1826 373 1897 414; x_wconf 82' lang='lat' dir='ltr'>die</span> 
     </span>
     <span class='ocr_line' id='line_1_3' title="bbox 672 437 1632 487; baseline 0.001 -10"><span class='ocrx_word' id='word_1_14' title='bbox 672 437 866 486; x_wconf 76' lang='lat' dir='ltr'><strong>paschae</strong></span> <span class='ocrx_word' id='word_1_15' title='bbox 895 438 1000 477; x_wconf 74' lang='lat' dir='ltr'>ante</span> <span class='ocrx_word' id='word_1_16' title='bbox 1028 437 1203 484; x_wconf 77' lang='lat' dir='ltr'>horam,</span> <span class='ocrx_word' id='word_1_17' title='bbox 1231 447 1322 487; x_wconf 82' lang='lat' dir='ltr'>qua</span> <span class='ocrx_word' id='word_1_18' title='bbox 1349 437 1483 478; x_wconf 83' lang='lat' dir='ltr'>edere</span> <span class='ocrx_word' id='word_1_19' title='bbox 1512 437 1632 478; x_wconf 80' lang='lat' dir='ltr'>lieet.</span> 
     </span>
    </p>
   </div>
   <div class='ocr_carea' id='block_1_3' title="bbox 408 510 1964 1019">
    <p class='ocr_par' dir='ltr' id='par_1_3' title="bbox 408 510 1964 1019">
     <span class='ocr_line' id='line_1_4' title="bbox 523 510 1896 566; baseline 0.001 -15"><span class='ocrx_word' id='word_1_20' title='bbox 523 524 553 552; x_wconf 89' lang='lat'>1.</span> <span class='ocrx_word' id='word_1_21' title='bbox 584 510 647 552; x_wconf 92' lang='lat' dir='ltr'>Ne</span> <span class='ocrx_word' id='word_1_22' title='bbox 676 512 861 552; x_wconf 86' lang='lat' dir='ltr'>ieiunium</span> <span class='ocrx_word' id='word_1_23' title='bbox 892 518 1090 565; x_wconf 88' lang='lat' dir='ltr'>reputetur</span> <span class='ocrx_word' id='word_1_24' title='bbox 1119 513 1166 562; x_wconf 89' lang='lat' dir='ltr'>ei,</span> <span class='ocrx_word' id='word_1_25' title='bbox 1196 512 1260 566; x_wconf 90' lang='lat' dir='ltr'>qui</span> <span class='ocrx_word' id='word_1_26' title='bbox 1278 510 1411 553; x_wconf 91' lang='lat' dir='ltr'>avidus</span> <span class='ocrx_word' id='word_1_27' title='bbox 1433 519 1490 553; x_wconf 90' lang='lat' dir='ltr'>est</span> <span class='ocrx_word' id='word_1_28' title='bbox 1509 519 1598 553; x_wconf 87' lang='lat' dir='ltr'>ante</span> <span class='ocrx_word' id='word_1_29' title='bbox 1620 511 1769 561; x_wconf 90' lang='lat' dir='ltr'>horam,</span> <span class='ocrx_word' id='word_1_30' title='bbox 1799 526 1896 566; x_wconf 91' lang='lat' dir='ltr'>quae</span> 
     </span>
     <span class='ocr_line' id='line_1_5' title="bbox 411 573 1897 631; baseline 0.001 -15"><span class='ocrx_word' id='word_1_31' title='bbox 411 573 496 616; x_wconf 85' lang='lat' dir='ltr'>finis</span> <span class='ocrx_word' id='word_1_32' title='bbox 525 576 658 617; x_wconf 87' lang='lat' dir='ltr'>ieiunii</span> <span class='ocrx_word' id='word_1_33' title='bbox 687 584 756 618; x_wconf 88' lang='lat' dir='ltr'>est.</span> <span class='ocrx_word' id='word_1_34' title='bbox 806 588 842 617; x_wconf 88' lang='lat'>2.</span> <span class='ocrx_word' id='word_1_35' title='bbox 872 576 912 617; x_wconf 85' lang='lat' dir='ltr'>Si</span> <span class='ocrx_word' id='word_1_36' title='bbox 932 577 1018 631; x_wconf 89' lang='lat' dir='ltr'>quis</span> <span class='ocrx_word' id='word_1_37' title='bbox 1047 583 1176 618; x_wconf 90' lang='lat' dir='ltr'>autem</span> <span class='ocrx_word' id='word_1_38' title='bbox 1206 585 1389 630; x_wconf 83' lang='lat' dir='ltr'>aegrotus</span> <span class='ocrx_word' id='word_1_39' title='bbox 1420 584 1477 618; x_wconf 90' lang='lat' dir='ltr'>est</span> <span class='ocrx_word' id='word_1_40' title='bbox 1503 591 1629 631; x_wconf 89' lang='lat' dir='ltr'>neque</span> <span class='ocrx_word' id='word_1_41' title='bbox 1652 577 1750 618; x_wconf 88' lang='lat' dir='ltr'>vires</span> <span class='ocrx_word' id='word_1_42' title='bbox 1771 576 1897 627; x_wconf 86' lang='lat' dir='ltr'>habet,</span> 
     </span>
     <span class='ocr_line' id='line_1_6' title="bbox 410 639 1962 696; baseline 0 -16"><span class='ocrx_word' id='word_1_43' title='bbox 410 647 450 680; x_wconf 92' lang='lat' dir='ltr'>ut</span> <span class='ocrx_word' id='word_1_44' title='bbox 479 639 631 681; x_wconf 90' lang='lat' dir='ltr'>duobus</span> <span class='ocrx_word' id='word_1_45' title='bbox 661 639 795 682; x_wconf 90' lang='lat' dir='ltr'>diebus</span> <span class='ocrx_word' id='word_1_46' title='bbox 826 641 983 691; x_wconf 89' lang='lat' dir='ltr'>ieiunet,</span> <span class='ocrx_word' id='word_1_47' title='bbox 1012 641 1075 683; x_wconf 88' lang='lat' dir='ltr'>die</span> <span class='ocrx_word' id='word_1_48' title='bbox 1103 641 1246 683; x_wconf 88' lang='lat' dir='ltr'>sabbati</span> <span class='ocrx_word' id='word_1_49' title='bbox 1267 642 1412 683; x_wconf 88' lang='lat' dir='ltr'>ieiunet</span> <span class='ocrx_word' id='word_1_50' title='bbox 1431 649 1591 696; x_wconf 88' lang='lat' dir='ltr'>propter</span> <span class='ocrx_word' id='word_1_51' title='bbox 1611 642 1896 692; x_wconf 86' lang='lat' dir='ltr'>necessitatem,</span> <span class='ocrx_word' id='word_1_52' title='bbox 1942 649 1962 680; x_wconf 84' lang='lat'><strong>5</strong></span> 
     </span>
     <span class='ocr_line' id='line_1_7' title="bbox 409 704 1898 762; baseline 0.001 -16"><span class='ocrx_word' id='word_1_53' title='bbox 409 704 477 746; x_wconf 86' lang='lat' dir='ltr'>sed</span> <span class='ocrx_word' id='word_1_54' title='bbox 508 713 718 747; x_wconf 88' lang='lat' dir='ltr'>contentus</span> <span class='ocrx_word' id='word_1_55' title='bbox 747 706 796 747; x_wconf 90' lang='lat' dir='ltr'>sit</span> <span class='ocrx_word' id='word_1_56' title='bbox 824 720 937 762; x_wconf 90' lang='lat' dir='ltr'>pane,</span> <span class='ocrx_word' id='word_1_57' title='bbox 974 705 1052 747; x_wconf 84' lang='lat' dir='ltr'>sale</span> <span class='ocrx_word' id='word_1_58' title='bbox 1083 714 1122 748; x_wconf 93' lang='lat' dir='ltr'>et</span> <span class='ocrx_word' id='word_1_59' title='bbox 1149 720 1260 761; x_wconf 87' lang='lat' dir='ltr'>aqua.</span> <span class='ocrx_word' id='word_1_60' title='bbox 1320 720 1354 760; x_wconf 88' lang='lat'>3.</span> <span class='ocrx_word' id='word_1_61' title='bbox 1391 707 1431 747; x_wconf 92' lang='lat' dir='ltr'>Si</span> <span class='ocrx_word' id='word_1_62' title='bbox 1466 708 1551 761; x_wconf 88' lang='lat' dir='ltr'>quis</span> <span class='ocrx_word' id='word_1_63' title='bbox 1581 707 1619 747; x_wconf 90' lang='lat' dir='ltr'>in</span> <span class='ocrx_word' id='word_1_64' title='bbox 1650 707 1898 759; x_wconf 87' lang='lat' dir='ltr'>navigatione</span> 
     </span>
     <span class='ocr_line' id='line_1_8' title="bbox 411 769 1899 826; baseline 0.001 -15"><span class='ocrx_word' id='word_1_65' title='bbox 411 777 468 811; x_wconf 88' lang='lat' dir='ltr'>est</span> <span class='ocrx_word' id='word_1_66' title='bbox 497 769 560 812; x_wconf 88' lang='lat' dir='ltr'>vel</span> <span class='ocrx_word' id='word_1_67' title='bbox 587 769 690 812; x_wconf 90' lang='lat' dir='ltr'>diem</span> <span class='ocrx_word' id='word_1_68' title='bbox 722 771 886 825; x_wconf 86' lang='lat' dir='ltr'>paschae</span> <span class='ocrx_word' id='word_1_69' title='bbox 915 770 1124 822; x_wconf 85' lang='lat' dir='ltr'>nesciebat,</span> <span class='ocrx_word' id='word_1_70' title='bbox 1161 771 1231 813; x_wconf 89' lang='lat' dir='ltr'>hac</span> <span class='ocrx_word' id='word_1_71' title='bbox 1261 773 1417 825; x_wconf 82' lang='lat' dir='ltr'>cognita</span> <span class='ocrx_word' id='word_1_72' title='bbox 1448 772 1634 813; x_wconf 88' lang='lat' dir='ltr'>ieiunium</span> <span class='ocrx_word' id='word_1_73' title='bbox 1664 786 1776 812; x_wconf 91' lang='lat' dir='ltr'>suum</span> <span class='ocrx_word' id='word_1_74' title='bbox 1808 779 1899 826; x_wconf 91' lang='lat' dir='ltr'>post</span> 
     </span>
     <span class='ocr_line' id='line_1_9' title="bbox 408 835 1897 891; baseline 0.001 -15"><span class='ocrx_word' id='word_1_75' title='bbox 408 842 664 888; x_wconf 84' lang='lat' dir='ltr'><strong>pentecosten</strong></span> <span class='ocrx_word' id='word_1_76' title='bbox 694 842 863 889; x_wconf 88' lang='lat' dir='ltr'>peragat.</span> <span class='ocrx_word' id='word_1_77' title='bbox 921 836 1016 877; x_wconf 90' lang='lat' dir='ltr'>Non</span> <span class='ocrx_word' id='word_1_78' title='bbox 1045 836 1151 877; x_wconf 88' lang='lat' dir='ltr'>enim</span> <span class='ocrx_word' id='word_1_79' title='bbox 1187 836 1327 890; x_wconf 89' lang='lat' dir='ltr'>pascha</span> <span class='ocrx_word' id='word_1_80' title='bbox 1362 835 1399 877; x_wconf 90' lang='lat' dir='ltr'>id</span> <span class='ocrx_word' id='word_1_81' title='bbox 1430 844 1500 886; x_wconf 88' lang='lat' dir='ltr'>est,</span> <span class='ocrx_word' id='word_1_82' title='bbox 1536 836 1642 891; x_wconf 90' lang='lat' dir='ltr'>quod</span> <span class='ocrx_word' id='word_1_83' title='bbox 1678 851 1897 887; x_wconf 84' lang='lat' dir='ltr'>servamus3</span> 
     </span>
     <span class='ocr_line' id='line_1_10' title="bbox 409 899 1897 954; baseline 0.002 -14"><span class='ocrx_word' id='word_1_84' title='bbox 409 908 525 954; x_wconf 87' lang='lat' dir='ltr'><strong>typus</strong></span> <span class='ocrx_word' id='word_1_85' title='bbox 554 900 658 941; x_wconf 88' lang='lat' dir='ltr'>enim</span> <span class='ocrx_word' id='word_1_86' title='bbox 689 901 850 942; x_wconf 85' lang='lat' dir='ltr'>transiit.</span> <span class='ocrx_word' id='word_1_87' title='bbox 908 915 945 953; x_wconf 90' lang='lat'>4.</span> <span class='ocrx_word' id='word_1_88' title='bbox 975 899 1071 941; x_wconf 91' lang='lat' dir='ltr'>Ideo</span> <span class='ocrx_word' id='word_1_89' title='bbox 1102 914 1182 941; x_wconf 91' lang='lat' dir='ltr'>non</span> <span class='ocrx_word' id='word_1_90' title='bbox 1212 899 1396 941; x_wconf 81' lang='lat' dir='ltr'>diximus:</span> <span class='ocrx_word' id='word_1_91' title='bbox 1429 915 1564 942; x_wconf 90' lang='lat' dir='ltr'>mense</span> <span class='ocrx_word' id='word_1_92' title='bbox 1593 901 1782 951; x_wconf 88' lang='lat' dir='ltr'>secundo,</span> <span class='ocrx_word' id='word_1_93' title='bbox 1811 901 1897 943; x_wconf 88' lang='lat' dir='ltr'>sed:</span> 
     </span>
     <span class='ocr_line' id='line_1_11' title="bbox 410 964 1964 1019; baseline -0.001 -13"><span class='ocrx_word' id='word_1_94' title='bbox 410 980 500 1007; x_wconf 88' lang='lat' dir='ltr'>cum</span> <span class='ocrx_word' id='word_1_95' title='bbox 529 966 731 1006; x_wconf 89' lang='lat' dir='ltr'>veritatem</span> <span class='ocrx_word' id='word_1_96' title='bbox 761 966 1005 1019; x_wconf 87' lang='lat' dir='ltr'>cognoverit,</span> <span class='ocrx_word' id='word_1_97' title='bbox 1035 964 1083 1006; x_wconf 87' lang='lat' dir='ltr'>ad</span> <span class='ocrx_word' id='word_1_98' title='bbox 1111 966 1298 1006; x_wconf 90' lang='lat' dir='ltr'>ieiunium</span> <span class='ocrx_word' id='word_1_99' title='bbox 1328 980 1370 1007; x_wconf 91' lang='lat' dir='ltr'>se</span> <span class='ocrx_word' id='word_1_100' title='bbox 1402 974 1615 1007; x_wconf 89' lang='lat' dir='ltr'>convertat.</span> <span class='ocrx_word' id='word_1_101' title='bbox 1924 974 1964 1005; x_wconf 89' lang='lat'>10</span> 
     </span>
    </p>
   </div>
   <div class='ocr_carea' id='block_1_4' title="bbox 427 1041 1880 1118">
    <p class='ocr_par' dir='ltr' id='par_1_4' title="bbox 427 1041 1880 1118">
     <span class='ocr_line' id='line_1_12' title="bbox 427 1041 1880 1118; baseline 0.002 -15"><span class='ocrx_word' id='word_1_102' title='bbox 427 1062 566 1104; x_wconf 90' lang='lat' dir='ltr'>XXVI</span> <span class='ocrx_word' id='word_1_103' title='bbox 595 1062 713 1118; x_wconf 67' lang='lat' dir='ltr'>(nvi).</span> <span class='ocrx_word' id='word_1_104' title='bbox 750 1064 873 1111; x_wconf 76' lang='lat' dir='ltr'>Quod</span> <span class='ocrx_word' id='word_1_105' title='bbox 901 1064 1101 1105; x_wconf 78' lang='lat' dir='ltr'>diaconis</span> <span class='ocrx_word' id='word_1_106' title='bbox 1129 1065 1341 1105; x_wconf 75' lang='lat' dir='ltr'>eonvenIt</span> <span class='ocrx_word' id='word_1_107' title='bbox 1368 1065 1575 1115; x_wconf 73' lang='lat' dir='ltr'>episeopo</span> <span class='ocrx_word' id='word_1_108' title='bbox 1604 1041 1880 1107; x_wconf 80' lang='lat' dir='ltr'>ministrare.</span> 
     </span>
    </p>
   </div>
   <div class='ocr_carea' id='block_1_5' title="bbox 410 1138 1965 1388">
    <p class='ocr_par' dir='ltr' id='par_1_5' title="bbox 410 1138 1965 1388">
     <span class='ocr_line' id='line_1_13' title="bbox 517 1138 1900 1194; baseline 0.001 -14"><span class='ocrx_word' id='word_1_109' title='bbox 517 1138 796 1193; x_wconf 87' lang='lat' dir='ltr'><strong>Unusquisque</strong></span> <span class='ocrx_word' id='word_1_110' title='bbox 817 1138 1073 1180; x_wconf 83' lang='lat' dir='ltr'>diaconorum</span> <span class='ocrx_word' id='word_1_111' title='bbox 1095 1145 1134 1180; x_wconf 93' lang='lat' dir='ltr'>et</span> <span class='ocrx_word' id='word_1_112' title='bbox 1152 1138 1482 1180; x_wconf 88' lang='lat' dir='ltr'>subdiaconorum</span> <span class='ocrx_word' id='word_1_113' title='bbox 1503 1140 1692 1194; x_wconf 89' lang='lat' dir='ltr'>episcopo</span> <span class='ocrx_word' id='word_1_114' title='bbox 1708 1141 1900 1182; x_wconf 89' lang='lat' dir='ltr'>ministret</span> 
     </span>
     <span class='ocr_line' id='line_1_14' title="bbox 410 1202 1899 1258; baseline 0.001 -14"><span class='ocrx_word' id='word_1_115' title='bbox 410 1217 580 1258; x_wconf 91' lang='lat' dir='ltr'>eumque</span> <span class='ocrx_word' id='word_1_116' title='bbox 610 1204 817 1245; x_wconf 84' lang='lat' dir='ltr'>certiorem</span> <span class='ocrx_word' id='word_1_117' title='bbox 846 1202 970 1254; x_wconf 84' lang='lat' dir='ltr'>faciat,</span> <span class='ocrx_word' id='word_1_118' title='bbox 1006 1204 1090 1258; x_wconf 89' lang='lat' dir='ltr'>quis</span> <span class='ocrx_word' id='word_1_119' title='bbox 1119 1210 1309 1257; x_wconf 80' lang='lat' dir='ltr'>aegrotet,</span> <span class='ocrx_word' id='word_1_120' title='bbox 1347 1211 1386 1245; x_wconf 90' lang='lat' dir='ltr'>ut</span> <span class='ocrx_word' id='word_1_121' title='bbox 1416 1205 1636 1258; x_wconf 86' lang='lat' dir='ltr'>episcopus,</span> <span class='ocrx_word' id='word_1_122' title='bbox 1672 1205 1705 1245; x_wconf 93' lang='lat' dir='ltr'>si</span> <span class='ocrx_word' id='word_1_123' title='bbox 1732 1206 1766 1246; x_wconf 89' lang='lat' dir='ltr'>ei</span> <span class='ocrx_word' id='word_1_124' title='bbox 1795 1205 1899 1255; x_wconf 88' lang='lat' dir='ltr'>libet,</span> 
     </span>
     <span class='ocr_line' id='line_1_15' title="bbox 410 1268 1898 1325; baseline 0.001 -15"><span class='ocrx_word' id='word_1_125' title='bbox 410 1283 481 1310; x_wconf 91' lang='lat' dir='ltr'>eos</span> <span class='ocrx_word' id='word_1_126' title='bbox 519 1269 667 1320; x_wconf 85' lang='lat' dir='ltr'>visitet;</span> <span class='ocrx_word' id='word_1_127' title='bbox 709 1283 798 1310; x_wconf 85' lang='lat' dir='ltr'>nam</span> <span class='ocrx_word' id='word_1_128' title='bbox 838 1269 989 1322; x_wconf 84' lang='lat' dir='ltr'>aegroti</span> <span class='ocrx_word' id='word_1_129' title='bbox 1025 1268 1165 1310; x_wconf 83' lang='lat' dir='ltr'>solatio</span> <span class='ocrx_word' id='word_1_130' title='bbox 1203 1268 1433 1318; x_wconf 84' lang='lat' dir='ltr'>afficiuntur,</span> <span class='ocrx_word' id='word_1_131' title='bbox 1474 1268 1649 1310; x_wconf 83' lang='lat' dir='ltr'>videntes</span> <span class='ocrx_word' id='word_1_132' title='bbox 1684 1271 1898 1325; x_wconf 86' lang='lat' dir='ltr'>principem</span> 
     </span>
     <span class='ocr_line' id='line_1_16' title="bbox 410 1331 1965 1388; baseline -0.001 -14"><span class='ocrx_word' id='word_1_133' title='bbox 410 1332 660 1375; x_wconf 86' lang='lat' dir='ltr'>sacerdotum</span> <span class='ocrx_word' id='word_1_134' title='bbox 689 1347 731 1375; x_wconf 86' lang='lat' dir='ltr'>se</span> <span class='ocrx_word' id='word_1_135' title='bbox 760 1334 914 1375; x_wconf 84' lang='lat' dir='ltr'>visitare</span> <span class='ocrx_word' id='word_1_136' title='bbox 944 1335 1081 1388; x_wconf 89' lang='lat' dir='ltr'>suique</span> <span class='ocrx_word' id='word_1_137' title='bbox 1110 1335 1355 1375; x_wconf 88' lang='lat' dir='ltr'>mentionem</span> <span class='ocrx_word' id='word_1_138' title='bbox 1386 1331 1482 1375; x_wconf 89' lang='lat' dir='ltr'>fieri.</span> <span class='ocrx_word' id='word_1_139' title='bbox 1926 1341 1965 1372; x_wconf 87' lang='lat'>15</span> 
     </span>
    </p>
   </div>
   <div class='ocr_carea' id='block_1_6' title="bbox 777 1429 1534 1485">
    <p class='ocr_par' dir='ltr' id='par_1_6' title="bbox 777 1429 1534 1485">
     <span class='ocr_line' id='line_1_17' title="bbox 777 1429 1534 1485; baseline 0.001 -14"><span class='ocrx_word' id='word_1_140' title='bbox 777 1431 932 1471; x_wconf 91' lang='lat' dir='ltr'>XXVII</span> <span class='ocrx_word' id='word_1_141' title='bbox 962 1429 1093 1485; x_wconf 82' lang='lat' dir='ltr'>(Lvu).</span> <span class='ocrx_word' id='word_1_142' title='bbox 1131 1433 1190 1473; x_wconf 81' lang='lat' dir='ltr'>De</span> <span class='ocrx_word' id='word_1_143' title='bbox 1218 1433 1333 1473; x_wconf 76' lang='lat' dir='ltr'>hora</span> <span class='ocrx_word' id='word_1_144' title='bbox 1360 1432 1534 1473; x_wconf 76' lang='lat' dir='ltr'>orandi.</span> 
     </span>
    </p>
   </div>
   <div class='ocr_carea' id='block_1_7' title="bbox 409 1505 1968 1822">
    <p class='ocr_par' dir='ltr' id='par_1_7' title="bbox 409 1505 1968 1822">
     <span class='ocr_line' id='line_1_18' title="bbox 525 1505 1900 1561; baseline 0.001 -14"><span class='ocrx_word' id='word_1_145' title='bbox 525 1519 557 1547; x_wconf 88' lang='lat'>1.</span> <span class='ocrx_word' id='word_1_146' title='bbox 588 1505 743 1548; x_wconf 87' lang='lat' dir='ltr'>Omnes</span> <span class='ocrx_word' id='word_1_147' title='bbox 763 1505 897 1547; x_wconf 86' lang='lat' dir='ltr'>fideles</span> <span class='ocrx_word' id='word_1_148' title='bbox 917 1506 1026 1557; x_wconf 85' lang='lat' dir='ltr'>hora,</span> <span class='ocrx_word' id='word_1_149' title='bbox 1047 1521 1121 1561; x_wconf 91' lang='lat' dir='ltr'>qua</span> <span class='ocrx_word' id='word_1_150' title='bbox 1142 1507 1472 1560; x_wconf 87' lang='lat' dir='ltr'>expergiscuntur,</span> <span class='ocrx_word' id='word_1_151' title='bbox 1500 1507 1721 1560; x_wconf 88' lang='lat' dir='ltr'>priusquam</span> <span class='ocrx_word' id='word_1_152' title='bbox 1742 1506 1900 1561; x_wconf 78' lang='lat' dir='ltr'>aliquod</span> 
     </span>
     <span class='ocr_line' id='line_1_19' title="bbox 411 1570 1899 1625; baseline 0.001 -14"><span class='ocrx_word' id='word_1_153' title='bbox 411 1584 510 1624; x_wconf 90' lang='lat' dir='ltr'>opus</span> <span class='ocrx_word' id='word_1_154' title='bbox 539 1570 697 1622; x_wconf 86' lang='lat' dir='ltr'>faciunt,</span> <span class='ocrx_word' id='word_1_155' title='bbox 726 1571 774 1613; x_wconf 87' lang='lat' dir='ltr'>ad</span> <span class='ocrx_word' id='word_1_156' title='bbox 794 1571 1014 1612; x_wconf 86' lang='lat' dir='ltr'>Dominum</span> <span class='ocrx_word' id='word_1_157' title='bbox 1045 1578 1159 1613; x_wconf 89' lang='lat' dir='ltr'>orent</span> <span class='ocrx_word' id='word_1_158' title='bbox 1189 1579 1228 1612; x_wconf 91' lang='lat' dir='ltr'>et</span> <span class='ocrx_word' id='word_1_159' title='bbox 1255 1572 1310 1612; x_wconf 90' lang='lat' dir='ltr'>sic</span> <span class='ocrx_word' id='word_1_160' title='bbox 1339 1571 1522 1625; x_wconf 88' lang='lat' dir='ltr'>operibus</span> <span class='ocrx_word' id='word_1_161' title='bbox 1552 1585 1636 1612; x_wconf 86' lang='lat' dir='ltr'>sese</span> <span class='ocrx_word' id='word_1_162' title='bbox 1657 1579 1899 1614; x_wconf 84' lang='lat' dir='ltr'>convertant.</span> 
     </span>
     <span class='ocr_line' id='line_1_20' title="bbox 412 1635 1902 1689; baseline 0.001 -13"><span class='ocrx_word' id='word_1_163' title='bbox 412 1647 447 1676; x_wconf 89' lang='lat'>2.</span> <span class='ocrx_word' id='word_1_164' title='bbox 479 1635 548 1677; x_wconf 89' lang='lat' dir='ltr'>Sin</span> <span class='ocrx_word' id='word_1_165' title='bbox 578 1643 708 1678; x_wconf 90' lang='lat' dir='ltr'>autem</span> <span class='ocrx_word' id='word_1_166' title='bbox 742 1650 876 1678; x_wconf 89' lang='lat' dir='ltr'>sermo</span> <span class='ocrx_word' id='word_1_167' title='bbox 913 1636 1163 1678; x_wconf 86' lang='lat' dir='ltr'>catecheseos</span> <span class='ocrx_word' id='word_1_168' title='bbox 1198 1636 1253 1686; x_wconf 82' lang='lat' dir='ltr'>fit,</span> <span class='ocrx_word' id='word_1_169' title='bbox 1290 1650 1380 1677; x_wconf 90' lang='lat' dir='ltr'>eum</span> <span class='ocrx_word' id='word_1_170' title='bbox 1415 1643 1656 1689; x_wconf 85' lang='lat' dir='ltr'>anteponant</span> <span class='ocrx_word' id='word_1_171' title='bbox 1691 1644 1827 1678; x_wconf 87' lang='lat' dir='ltr'>euntes</span> <span class='ocrx_word' id='word_1_172' title='bbox 1864 1645 1902 1678; x_wconf 87' lang='lat' dir='ltr'>et</span> 
     </span>
     <span class='ocr_line' id='line_1_21' title="bbox 409 1700 1968 1754; baseline 0.001 -13"><span class='ocrx_word' id='word_1_173' title='bbox 409 1700 611 1742; x_wconf 85' lang='lat' dir='ltr'>audientes</span> <span class='ocrx_word' id='word_1_174' title='bbox 631 1701 793 1743; x_wconf 86' lang='lat' dir='ltr'>verbum</span> <span class='ocrx_word' id='word_1_175' title='bbox 810 1702 885 1744; x_wconf 88' lang='lat' dir='ltr'>Dei</span> <span class='ocrx_word' id='word_1_176' title='bbox 906 1700 953 1742; x_wconf 88' lang='lat' dir='ltr'>ad</span> <span class='ocrx_word' id='word_1_177' title='bbox 974 1700 1283 1742; x_wconf 87' lang='lat' dir='ltr'>confirmandam</span> <span class='ocrx_word' id='word_1_178' title='bbox 1306 1702 1476 1742; x_wconf 85' lang='lat' dir='ltr'>animam</span> <span class='ocrx_word' id='word_1_179' title='bbox 1497 1715 1619 1742; x_wconf 85' lang='lat' dir='ltr'>suam.</span> <span class='ocrx_word' id='word_1_180' title='bbox 1658 1714 1692 1754; x_wconf 87' lang='lat'>3.</span> <span class='ocrx_word' id='word_1_181' title='bbox 1714 1701 1903 1743; x_wconf 86' lang='lat' dir='ltr'>Studeant</span> <span class='ocrx_word' id='word_1_182' title='bbox 1925 1707 1968 1737; x_wconf 86' lang='lat'>20</span> 
     </span>
     <span class='ocr_line' id='line_1_22' title="bbox 411 1765 1515 1822; baseline 0 -15"><span class='ocrx_word' id='word_1_183' title='bbox 411 1765 614 1807; x_wconf 85' lang='lat' dir='ltr'>ecclesiam</span> <span class='ocrx_word' id='word_1_184' title='bbox 644 1766 902 1822; x_wconf 86' lang='lat' dir='ltr'>frequentare,</span> <span class='ocrx_word' id='word_1_185' title='bbox 933 1767 1076 1817; x_wconf 87' lang='lat' dir='ltr'>locum,</span> <span class='ocrx_word' id='word_1_186' title='bbox 1106 1781 1185 1821; x_wconf 90' lang='lat' dir='ltr'>quo</span> <span class='ocrx_word' id='word_1_187' title='bbox 1214 1767 1368 1820; x_wconf 91' lang='lat' dir='ltr'>spiritus</span> <span class='ocrx_word' id='word_1_188' title='bbox 1398 1767 1515 1819; x_wconf 87' lang='lat' dir='ltr'>viget.</span> 
     </span>
    </p>
   </div>
   <div class='ocr_carea' id='block_1_8' title="bbox 409 1874 1903 1992">
    <p class='ocr_par' dir='ltr' id='par_1_8' title="bbox 409 1874 1903 1992">
     <span class='ocr_line' id='line_1_23' title="bbox 409 1874 1902 1930; baseline 0 -14"><span class='ocrx_word' id='word_1_189' title='bbox 409 1874 586 1916; x_wconf 84' lang='lat' dir='ltr'>XXVIII</span> <span class='ocrx_word' id='word_1_190' title='bbox 610 1875 757 1930; x_wconf 68' lang='lat' dir='ltr'>(tvm).</span> <span class='ocrx_word' id='word_1_191' title='bbox 786 1876 910 1924; x_wconf 75' lang='lat' dir='ltr'>Quod</span> <span class='ocrx_word' id='word_1_192' title='bbox 939 1876 1068 1917; x_wconf 79' lang='lat' dir='ltr'>decet</span> <span class='ocrx_word' id='word_1_193' title='bbox 1096 1877 1292 1927; x_wconf 81' lang='lat' dir='ltr'>primum</span> <span class='ocrx_word' id='word_1_194' title='bbox 1322 1876 1377 1917; x_wconf 84' lang='lat' dir='ltr'>de</span> <span class='ocrx_word' id='word_1_195' title='bbox 1406 1876 1681 1917; x_wconf 77' lang='lat' dir='ltr'>eucharistia</span> <span class='ocrx_word' id='word_1_196' title='bbox 1708 1886 1902 1924; x_wconf 85' lang='lat' dir='ltr'>sumere,</span> 
     </span>
     <span class='ocr_line' id='line_1_24' title="bbox 410 1940 1903 1992; baseline 0 -10"><span class='ocrx_word' id='word_1_197' title='bbox 410 1942 571 1992; x_wconf 77' lang='lat' dir='ltr'>quovis</span> <span class='ocrx_word' id='word_1_198' title='bbox 599 1944 803 1992; x_wconf 77' lang='lat' dir='ltr'>tempore</span> <span class='ocrx_word' id='word_1_199' title='bbox 827 1940 1035 1988; x_wconf 80' lang='lat' dir='ltr'>offertur,</span> <span class='ocrx_word' id='word_1_200' title='bbox 1064 1942 1327 1992; x_wconf 75' lang='lat' dir='ltr'>priusquam</span> <span class='ocrx_word' id='word_1_201' title='bbox 1356 1941 1457 1990; x_wconf 75' lang='lat' dir='ltr'>quis</span> <span class='ocrx_word' id='word_1_202' title='bbox 1481 1941 1606 1982; x_wconf 82' lang='lat' dir='ltr'>aliud</span> <span class='ocrx_word' id='word_1_203' title='bbox 1631 1943 1903 1991; x_wconf 74' lang='lat' dir='ltr'>gustaverit.</span> 
     </span>
    </p>
   </div>
   <div class='ocr_carea' id='block_1_9' title="bbox 411 2014 1969 2199">
    <p class='ocr_par' dir='ltr' id='par_1_9' title="bbox 411 2014 1969 2199">
     <span class='ocr_line' id='line_1_25' title="bbox 526 2014 1903 2070; baseline -0.001 -12"><span class='ocrx_word' id='word_1_204' title='bbox 526 2029 560 2058; x_wconf 86' lang='lat'>1.</span> <span class='ocrx_word' id='word_1_205' title='bbox 599 2015 745 2058; x_wconf 90' lang='lat' dir='ltr'>Omnis</span> <span class='ocrx_word' id='word_1_206' title='bbox 778 2014 903 2056; x_wconf 86' lang='lat' dir='ltr'>fidelis</span> <span class='ocrx_word' id='word_1_207' title='bbox 940 2015 1091 2057; x_wconf 88' lang='lat' dir='ltr'>studeat</span> <span class='ocrx_word' id='word_1_208' title='bbox 1130 2016 1178 2056; x_wconf 91' lang='lat' dir='ltr'>de</span> <span class='ocrx_word' id='word_1_209' title='bbox 1212 2015 1438 2056; x_wconf 86' lang='lat' dir='ltr'>eucharistia</span> <span class='ocrx_word' id='word_1_210' title='bbox 1472 2029 1641 2066; x_wconf 88' lang='lat' dir='ltr'>sumere,</span> <span class='ocrx_word' id='word_1_211' title='bbox 1681 2016 1903 2070; x_wconf 86' lang='lat' dir='ltr'>priusquam</span> 
     </span>
     <span class='ocr_line' id='line_1_26' title="bbox 411 2079 1969 2136; baseline -0.001 -14"><span class='ocrx_word' id='word_1_212' title='bbox 411 2080 512 2122; x_wconf 85' lang='lat' dir='ltr'>aliud</span> <span class='ocrx_word' id='word_1_213' title='bbox 542 2080 740 2136; x_wconf 87' lang='lat' dir='ltr'>quidpiam</span> <span class='ocrx_word' id='word_1_214' title='bbox 760 2081 940 2134; x_wconf 84' lang='lat' dir='ltr'>gustavit.</span> <span class='ocrx_word' id='word_1_215' title='bbox 990 2092 1025 2121; x_wconf 86' lang='lat'>2.</span> <span class='ocrx_word' id='word_1_216' title='bbox 1056 2080 1097 2121; x_wconf 87' lang='lat' dir='ltr'>Si</span> <span class='ocrx_word' id='word_1_217' title='bbox 1127 2081 1231 2121; x_wconf 89' lang='lat' dir='ltr'>enim</span> <span class='ocrx_word' id='word_1_218' title='bbox 1262 2079 1395 2121; x_wconf 87' lang='lat' dir='ltr'>fideles</span> <span class='ocrx_word' id='word_1_219' title='bbox 1425 2088 1515 2121; x_wconf 88' lang='lat' dir='ltr'>sunt</span> <span class='ocrx_word' id='word_1_220' title='bbox 1543 2081 1777 2134; x_wconf 88' lang='lat' dir='ltr'>accipientes</span> <span class='ocrx_word' id='word_1_221' title='bbox 1803 2095 1902 2131; x_wconf 83' lang='lat' dir='ltr'>earn,</span> <span class='ocrx_word' id='word_1_222' title='bbox 1927 2084 1969 2115; x_wconf 84' lang='lat'>25</span> 
     </span>
     <span class='ocr_line' id='line_1_27' title="bbox 412 2144 1903 2199; baseline -0.001 -12"><span class='ocrx_word' id='word_1_223' title='bbox 412 2146 566 2188; x_wconf 89' lang='lat' dir='ltr'>etiamsi</span> <span class='ocrx_word' id='word_1_224' title='bbox 594 2160 792 2187; x_wconf 88' lang='lat' dir='ltr'>venenum</span> <span class='ocrx_word' id='word_1_225' title='bbox 822 2145 1068 2186; x_wconf 87' lang='lat' dir='ltr'>mortiferum</span> <span class='ocrx_word' id='word_1_226' title='bbox 1097 2146 1132 2186; x_wconf 93' lang='lat' dir='ltr'>ei</span> <span class='ocrx_word' id='word_1_227' title='bbox 1159 2144 1283 2196; x_wconf 87' lang='lat' dir='ltr'>datur,</span> <span class='ocrx_word' id='word_1_228' title='bbox 1313 2159 1394 2186; x_wconf 89' lang='lat' dir='ltr'>non</span> <span class='ocrx_word' id='word_1_229' title='bbox 1415 2151 1648 2199; x_wconf 89' lang='lat' dir='ltr'>potestatem</span> <span class='ocrx_word' id='word_1_230' title='bbox 1676 2159 1793 2199; x_wconf 89' lang='lat' dir='ltr'>super</span> <span class='ocrx_word' id='word_1_231' title='bbox 1814 2160 1903 2186; x_wconf 88' lang='lat' dir='ltr'>eum</span> 
     </span>
    </p>
   </div>
   <div class='ocr_carea' id='block_1_10' title="bbox 412 2210 580 2252">
    <p class='ocr_par' dir='ltr' id='par_1_10' title="bbox 412 2210 580 2252">
     <span class='ocr_line' id='line_1_28' title="bbox 412 2210 580 2252; baseline 0 0"><span class='ocrx_word' id='word_1_232' title='bbox 412 2210 580 2252; x_wconf 89' lang='lat' dir='ltr'>habebit.</span> 
     </span>
    </p>
   </div>
   <div class='ocr_carea' id='block_1_11' title="bbox 522 2317 838 2360">
    <p class='ocr_par' dir='ltr' id='par_1_11' title="bbox 522 2317 838 2360">
     <span class='ocr_line' id='line_1_29' title="bbox 522 2317 838 2360; baseline -0.006 -7"><span class='ocrx_word' id='word_1_233' title='bbox 522 2322 566 2353; x_wconf 87' lang='grc'>26</span> <span class='ocrx_word' id='word_1_234' title='bbox 587 2319 687 2352; x_wconf 82' lang='lat' dir='ltr'>Marc.</span> <span class='ocrx_word' id='word_1_235' title='bbox 714 2317 762 2360; x_wconf 89' lang='lat'>16,</span> <span class='ocrx_word' id='word_1_236' title='bbox 791 2319 838 2351; x_wconf 93' lang='lat'>18.</span> 
     </span>
    </p>
   </div>
   <div class='ocr_carea' id='block_1_12' title="bbox 468 2387 672 2392">
    <p class='ocr_par' dir='ltr' id='par_1_12' title="bbox 468 2387 672 2392">
     <span class='ocr_line' id='line_1_30' title="bbox 468 2387 672 2392; baseline 0 0"><span class='ocrx_word' id='word_1_237' title='bbox 468 2387 672 2392; x_wconf 95' lang='lat' dir='ltr'> </span> 
     </span>
    </p>
   </div>
   <div class='ocr_carea' id='block_1_13' title="bbox 413 2414 1906 2677">
    <p class='ocr_par' dir='ltr' id='par_1_13' title="bbox 413 2414 1906 2677">
     <span class='ocr_line' id='line_1_31' title="bbox 522 2414 1905 2460; baseline -0.003 -10"><span class='ocrx_word' id='word_1_238' title='bbox 522 2420 543 2452; x_wconf 77' lang='lat'><strong>3</strong></span> <span class='ocrx_word' id='word_1_239' title='bbox 565 2427 607 2450; x_wconf 89' lang='lat' dir='ltr'>ne</span> <span class='ocrx_word' id='word_1_240' title='bbox 623 2436 663 2440; x_wconf 81' lang='lat'>—</span> <span class='ocrx_word' id='word_1_241' title='bbox 683 2422 732 2449; x_wconf 83' lang='lat' dir='ltr'>est</span> <span class='ocrx_word' id='word_1_242' title='bbox 756 2428 763 2449; x_wconf 92' lang='lat'>:</span> <span class='ocrx_word' id='word_1_243' title='bbox 787 2426 888 2449; x_wconf 87' lang='lat' dir='ltr'>nemo</span> <span class='ocrx_word' id='word_1_244' title='bbox 912 2417 943 2449; x_wconf 91' lang='lat' dir='ltr'>in</span> <span class='ocrx_word' id='word_1_245' title='bbox 968 2415 1098 2460; x_wconf 85' lang='lat' dir='ltr'>pascha,</span> <span class='ocrx_word' id='word_1_246' title='bbox 1122 2420 1297 2460; x_wconf 88' lang='lat' dir='ltr'>antequam</span> <span class='ocrx_word' id='word_1_247' title='bbox 1320 2415 1443 2448; x_wconf 87' lang='lat' dir='ltr'>oblatio</span> <span class='ocrx_word' id='word_1_248' title='bbox 1465 2414 1529 2455; x_wconf 87' lang='lat' dir='ltr'>fiat,</span> <span class='ocrx_word' id='word_1_249' title='bbox 1554 2414 1727 2458; x_wconf 82' lang='lat' dir='ltr'>percipiat3</span> <span class='ocrx_word' id='word_1_250' title='bbox 1751 2424 1827 2446; x_wconf 85' lang='lat' dir='ltr'>nam</span> <span class='ocrx_word' id='word_1_251' title='bbox 1852 2415 1905 2458; x_wconf 89' lang='lat' dir='ltr'>qui</span> 
     </span>
     <span class='ocr_line' id='line_1_32' title="bbox 413 2468 1903 2515; baseline -0.003 -11"><span class='ocrx_word' id='word_1_252' title='bbox 413 2473 458 2504; x_wconf 82' lang='lat' dir='ltr'>ita</span> <span class='ocrx_word' id='word_1_253' title='bbox 482 2471 559 2515; x_wconf 80' lang='lat' dir='ltr'>agit,</span> <span class='ocrx_word' id='word_1_254' title='bbox 589 2481 656 2504; x_wconf 87' lang='lat' dir='ltr'>non</span> <span class='ocrx_word' id='word_1_255' title='bbox 685 2470 731 2504; x_wconf 88' lang='lat' dir='ltr'>illi</span> <span class='ocrx_word' id='word_1_256' title='bbox 760 2470 936 2514; x_wconf 88' lang='lat' dir='ltr'>imputatur</span> <span class='ocrx_word' id='word_1_257' title='bbox 963 2470 1120 2502; x_wconf 87' lang='lat' dir='ltr'>ieiunium</span> <span class='ocrx_word' id='word_1_258' title='bbox 1143 2469 1170 2502; x_wconf 93' lang='lat' dir='ltr'><strong>L</strong></span> <span class='ocrx_word' id='word_1_259' title='bbox 1197 2472 1201 2510; x_wconf 91' lang='grc' dir='ltr'>Ι</span> <span class='ocrx_word' id='word_1_260' title='bbox 1227 2473 1247 2502; x_wconf 80' lang='lat'>4</span> <span class='ocrx_word' id='word_1_261' title='bbox 1271 2475 1380 2502; x_wconf 82' lang='lat' dir='ltr'>autem</span> <span class='ocrx_word' id='word_1_262' title='bbox 1405 2480 1412 2502; x_wconf 91' lang='lat'><strong>:</strong></span> <span class='ocrx_word' id='word_1_263' title='bbox 1439 2474 1470 2507; x_wconf 49' lang='grc' dir='ltr'>ἢ»</span> <span class='ocrx_word' id='word_1_264' title='bbox 1496 2469 1529 2501; x_wconf 92' lang='lat' dir='ltr'>in</span> <span class='ocrx_word' id='word_1_265' title='bbox 1553 2475 1646 2501; x_wconf 85' lang='lat' dir='ltr'>utero</span> <span class='ocrx_word' id='word_1_266' title='bbox 1668 2468 1766 2501; x_wconf 82' lang='lat' dir='ltr'>habet</span> <span class='ocrx_word' id='word_1_267' title='bbox 1792 2474 1822 2501; x_wconf 90' lang='lat' dir='ltr'>et</span> <span class='ocrx_word' id='word_1_268' title='bbox 1848 2468 1873 2500; x_wconf 91' lang='lat' dir='ltr'>L</span> <span class='ocrx_word' id='word_1_269' title='bbox 1899 2470 1903 2510; x_wconf 83' lang='grc' dir='ltr'>Ι</span> 
     </span>
     <span class='ocr_line' id='line_1_33' title="bbox 414 2522 1906 2568; baseline -0.003 -9"><span class='ocrx_word' id='word_1_270' title='bbox 414 2529 435 2559; x_wconf 89' lang='grc'>6</span> <span class='ocrx_word' id='word_1_271' title='bbox 459 2525 525 2559; x_wconf 86' lang='lat' dir='ltr'>sale</span> <span class='ocrx_word' id='word_1_272' title='bbox 542 2530 585 2564; x_wconf 95' lang='lat'>&gt;</span> <span class='ocrx_word' id='word_1_273' title='bbox 605 2525 631 2558; x_wconf 93' lang='lat' dir='ltr'>L</span> <span class='ocrx_word' id='word_1_274' title='bbox 651 2527 655 2567; x_wconf 90' lang='grc'>1</span> <span class='ocrx_word' id='word_1_275' title='bbox 676 2529 696 2559; x_wconf 87' lang='grc'><strong>7</strong></span> <span class='ocrx_word' id='word_1_276' title='bbox 719 2530 769 2558; x_wconf 84' lang='lat' dir='ltr'>est</span> <span class='ocrx_word' id='word_1_277' title='bbox 792 2524 845 2558; x_wconf 87' lang='lat' dir='ltr'>vel</span> <span class='ocrx_word' id='word_1_278' title='bbox 864 2536 872 2558; x_wconf 79' lang='lat' dir='ltr'>z</span> <span class='ocrx_word' id='word_1_279' title='bbox 891 2524 944 2557; x_wconf 81' lang='lat' dir='ltr'>vel</span> <span class='ocrx_word' id='word_1_280' title='bbox 967 2524 1000 2557; x_wconf 88' lang='lat' dir='ltr'>in</span> <span class='ocrx_word' id='word_1_281' title='bbox 1024 2524 1129 2568; x_wconf 84' lang='lat' dir='ltr'>aliqua</span> <span class='ocrx_word' id='word_1_282' title='bbox 1149 2524 1346 2557; x_wconf 84' lang='lat' dir='ltr'>necessitate</span> <span class='ocrx_word' id='word_1_283' title='bbox 1362 2524 1556 2556; x_wconf 86' lang='lat' dir='ltr'>constitutus</span> <span class='ocrx_word' id='word_1_284' title='bbox 1580 2522 1606 2555; x_wconf 93' lang='lat' dir='ltr'>L</span> <span class='ocrx_word' id='word_1_285' title='bbox 1627 2525 1630 2550; x_wconf 92' lang='grc' dir='ltr'>Ι</span> <span class='ocrx_word' id='word_1_286' title='bbox 1651 2526 1671 2556; x_wconf 88' lang='grc'>8</span> <span class='ocrx_word' id='word_1_287' title='bbox 1695 2532 1761 2554; x_wconf 90' lang='lat' dir='ltr'>non</span> <span class='ocrx_word' id='word_1_288' title='bbox 1780 2541 1821 2547; x_wconf 87' lang='lat'>—</span> <span class='ocrx_word' id='word_1_289' title='bbox 1838 2532 1906 2554; x_wconf 88' lang='lat' dir='ltr'>ser-</span> 
     </span>
     <span class='ocr_line' id='line_1_34' title="bbox 415 2576 1906 2621; baseline -0.002 -10"><span class='ocrx_word' id='word_1_290' title='bbox 415 2590 530 2612; x_wconf 85' lang='lat' dir='ltr'>vamus</span> <span class='ocrx_word' id='word_1_291' title='bbox 551 2583 594 2618; x_wconf 93' lang='lat'>&gt;</span> <span class='ocrx_word' id='word_1_292' title='bbox 611 2579 638 2613; x_wconf 89' lang='lat' dir='ltr'>L</span> <span class='ocrx_word' id='word_1_293' title='bbox 657 2580 664 2621; x_wconf 87' lang='grc'>1</span> <span class='ocrx_word' id='word_1_294' title='bbox 683 2582 703 2613; x_wconf 91' lang='grc'>9</span> <span class='ocrx_word' id='word_1_295' title='bbox 727 2589 794 2612; x_wconf 91' lang='lat' dir='ltr'>non</span> <span class='ocrx_word' id='word_1_296' title='bbox 818 2579 955 2611; x_wconf 80' lang='lat' dir='ltr'>diximus</span> <span class='ocrx_word' id='word_1_297' title='bbox 980 2590 987 2611; x_wconf 92' lang='lat'>:</span> <span class='ocrx_word' id='word_1_298' title='bbox 1012 2579 1149 2611; x_wconf 81' lang='lat' dir='ltr'>cessavit</span> <span class='ocrx_word' id='word_1_299' title='bbox 1174 2577 1200 2611; x_wconf 96' lang='lat' dir='ltr'>L</span> <span class='ocrx_word' id='word_1_300' title='bbox 1219 2583 1224 2618; x_wconf 83' lang='grc' dir='ltr'>Ι</span> <span class='ocrx_word' id='word_1_301' title='bbox 1245 2577 1301 2610; x_wconf 88' lang='lat' dir='ltr'>sed</span> <span class='ocrx_word' id='word_1_302' title='bbox 1326 2588 1333 2611; x_wconf 93' lang='lat'>:</span> <span class='ocrx_word' id='word_1_303' title='bbox 1358 2582 1390 2610; x_wconf 89' lang='lat' dir='ltr'>et</span> <span class='ocrx_word' id='word_1_304' title='bbox 1413 2576 1439 2610; x_wconf 90' lang='lat' dir='ltr'>L</span> <span class='ocrx_word' id='word_1_305' title='bbox 1458 2582 1463 2618; x_wconf 82' lang='grc' dir='ltr'>Ι</span> <span class='ocrx_word' id='word_1_306' title='bbox 1484 2581 1524 2611; x_wconf 84' lang='lat'>25</span> <span class='ocrx_word' id='word_1_307' title='bbox 1548 2576 1661 2610; x_wconf 84' lang='lat' dir='ltr'>fideles</span> <span class='ocrx_word' id='word_1_308' title='bbox 1684 2595 1725 2599; x_wconf 93' lang='lat'>—</span> <span class='ocrx_word' id='word_1_309' title='bbox 1750 2586 1846 2608; x_wconf 89' lang='lat' dir='ltr'>eam:</span> <span class='ocrx_word' id='word_1_310' title='bbox 1867 2587 1906 2608; x_wconf 86' lang='lat' dir='ltr'>ex</span> 
     </span>
     <span class='ocr_line' id='line_1_35' title="bbox 415 2632 686 2677; baseline 0 -11"><span class='ocrx_word' id='word_1_311' title='bbox 415 2634 479 2666; x_wconf 85' lang='lat' dir='ltr'>fide</span> <span class='ocrx_word' id='word_1_312' title='bbox 501 2634 636 2677; x_wconf 86' lang='lat' dir='ltr'>percipit</span> <span class='ocrx_word' id='word_1_313' title='bbox 659 2632 686 2666; x_wconf 95' lang='lat' dir='ltr'>L</span> 
     </span>
    </p>
   </div>
   <div class='ocr_carea' id='block_1_14' title="bbox 613 2703 743 2707">
    <p class='ocr_par' dir='ltr' id='par_1_14' title="bbox 613 2703 743 2707">
     <span class='ocr_line' id='line_1_36' title="bbox 613 2703 743 2707; baseline 0 0"><span class='ocrx_word' id='word_1_314' title='bbox 613 2703 743 2707; x_wconf 95' lang='lat' dir='ltr'> </span> 
     </span>
    </p>
   </div>
   <div class='ocr_carea' id='block_1_15' title="bbox 419 2728 1907 2871">
    <p class='ocr_par' dir='ltr' id='par_1_15' title="bbox 419 2728 1907 2871">
     <span class='ocr_line' id='line_1_37' title="bbox 460 2728 1907 2774; baseline -0.003 -9"><span class='ocrx_word' id='word_1_315' title='bbox 460 2731 596 2772; x_wconf 83' lang='lat' dir='ltr'>XXVII,</span> <span class='ocrx_word' id='word_1_316' title='bbox 635 2741 727 2764; x_wconf 77' lang='lat'>1—2.</span> <span class='ocrx_word' id='word_1_317' title='bbox 771 2731 860 2764; x_wconf 88' lang='lat' dir='ltr'>Haec</span> <span class='ocrx_word' id='word_1_318' title='bbox 891 2730 1045 2774; x_wconf 83' lang='lat' dir='ltr'>particula</span> <span class='ocrx_word' id='word_1_319' title='bbox 1075 2740 1126 2763; x_wconf 90' lang='lat' dir='ltr'>re-</span> <span class='ocrx_word' id='word_1_320' title='bbox 1195 2730 1293 2763; x_wconf 82' lang='lat' dir='ltr'>etiam</span> <span class='ocrx_word' id='word_1_321' title='bbox 1323 2730 1355 2761; x_wconf 92' lang='lat' dir='ltr'>in</span> <span class='ocrx_word' id='word_1_322' title='bbox 1386 2729 1424 2763; x_wconf 93' lang='lat' dir='ltr'>C.</span> <span class='ocrx_word' id='word_1_323' title='bbox 1448 2729 1488 2762; x_wconf 92' lang='lat' dir='ltr'>A.</span> <span class='ocrx_word' id='word_1_324' title='bbox 1513 2729 1598 2768; x_wconf 84' lang='lat' dir='ltr'>VIII,</span> <span class='ocrx_word' id='word_1_325' title='bbox 1626 2738 1674 2771; x_wconf 84' lang='lat'>32,</span> <span class='ocrx_word' id='word_1_326' title='bbox 1703 2729 1750 2769; x_wconf 83' lang='lat'>18,</span> <span class='ocrx_word' id='word_1_327' title='bbox 1782 2730 1814 2761; x_wconf 86' lang='lat' dir='ltr'>in</span> <span class='ocrx_word' id='word_1_328' title='bbox 1844 2728 1907 2761; x_wconf 85' lang='lat' dir='ltr'>fine</span> 
     </span>
     <span class='ocr_line' id='line_1_38' title="bbox 419 2783 1778 2829; baseline -0.002 -11"><span class='ocrx_word' id='word_1_329' title='bbox 419 2787 535 2828; x_wconf 79' lang='lat' dir='ltr'>petitur</span> <span class='ocrx_word' id='word_1_330' title='bbox 569 2785 650 2819; x_wconf 83' lang='lat' dir='ltr'>infra</span> <span class='ocrx_word' id='word_1_331' title='bbox 682 2785 819 2826; x_wconf 83' lang='lat' dir='ltr'>XXXII,</span> <span class='ocrx_word' id='word_1_332' title='bbox 857 2795 948 2818; x_wconf 81' lang='lat'><em>1-2,</em></span> <span class='ocrx_word' id='word_1_333' title='bbox 995 2785 1127 2829; x_wconf 86' lang='lat' dir='ltr'>Legitur</span> <span class='ocrx_word' id='word_1_334' title='bbox 1194 2785 1307 2828; x_wconf 82' lang='lat' dir='ltr'>capitis</span> <span class='ocrx_word' id='word_1_335' title='bbox 1331 2784 1371 2816; x_wconf 86' lang='lat' dir='ltr'>de</span> <span class='ocrx_word' id='word_1_336' title='bbox 1395 2783 1568 2827; x_wconf 76' lang='lat' dir='ltr'>proselytiS</span> <span class='ocrx_word' id='word_1_337' title='bbox 1593 2783 1778 2826; x_wconf 85' lang='lat' dir='ltr'>probandis.</span> 
     </span>
     <span class='ocr_line' id='line_1_39' title="bbox 1736 2840 1777 2871; baseline 0 -14"><span class='ocrx_word' id='word_1_338' title='bbox 1736 2840 1777 2871; x_wconf 65' lang='grc'>8*</span> 
     </span>
    </p>
   </div>
  </div>
 </body>
</html>
