2457 3436
1112 368 1342 397 sanavimus.
1894 358 1971 396 169

1114 464 1153 505 Χ
1183 463 1331 518 (xxlv).

978 541 1131 582 oratio
1157 551 1242 591 pro
1269 542 1472 582 eeclesia.

592 638 625 665 1.
642 625 805 667 Domine
818 626 923 666 Deus
939 625 1187 676 saeculorum,
1203 627 1309 667 Deus
1326 627 1522 681 spirituum
1543 625 1842 676 rationabilium,
1859 626 1969 667 Deus

479 691 696 732 animarum
725 690 960 732 mundarum
990 698 1029 732 et
1059 691 1237 732 omnium
1276 691 1425 732 sincere
1460 705 1504 732 ac
1533 690 1679 732 munde
1713 698 1754 732 te
1782 691 1968 732 invocan-

477 756 589 803 tium,
618 755 684 810 qui
712 756 753 796 in
783 754 890 796 caelo
919 769 1079 809 appares
1100 762 1138 796 et
1165 756 1417 808 cognosceris
1440 770 1460 796 a
1480 755 1674 811 spiritibus
1704 754 1873 805 mundis,
1902 757 1966 810 qui

477 821 515 861 in
545 827 648 861 terra
676 820 833 875 hymnis
863 819 1065 862 celebraris
1094 827 1131 861 et
1161 820 1307 862 habitas
1336 821 1375 861 in
1405 819 1593 862 catholica
1620 819 1794 870 ecclesia,
1823 820 1870 861 ab
1898 835 1964 861 an-

472 884 574 938 gelis
603 886 746 927 sanctis
775 892 814 927 et
842 885 1041 927 animabus
1077 885 1232 927 mundis
1263 887 1502 936 ministraris,
1539 887 1603 940 qui
1638 885 1760 927 fecisti
1799 886 1914 927 etiam
1946 901 1966 926 e

474 949 593 991 caelis
622 949 786 991 chorum
823 951 954 992 vivum
991 951 1028 992 in
1059 950 1223 1004 gloriam
1258 965 1301 992 ac
1337 950 1490 992 laudem
1526 951 1714 992 veritatis:
1758 963 1793 991 2.
1830 950 1890 1001 da,
1926 959 1967 992 ut

475 1014 573 1056 haec
594 1013 756 1056 ecclesia
784 1016 870 1056 viva
897 1029 942 1057 ac
970 1015 1115 1057 munda
1136 1015 1297 1057 ecclesia
1317 1016 1382 1066 sit;
1413 1015 1472 1065 da,
1502 1022 1543 1057 ut
1569 1015 1705 1057 habeat
1726 1015 1873 1057 divinas
1893 1016 1966 1057 vir-

475 1086 585 1121 tutes
606 1086 646 1121 et
665 1079 837 1121 mundos
856 1079 1018 1134 angelos
1039 1081 1351 1131 ministratorios,
1381 1088 1423 1122 ut
1443 1080 1588 1123 munde
1608 1081 1731 1135 possit
1750 1088 1790 1122 te
1811 1081 1967 1135 hymnis

477 1143 684 1186 celebrare.
734 1157 769 1198 3.
799 1145 1068 1200 Deprecamur
1088 1160 1159 1200 pro
1181 1145 1363 1187 omnibus
1384 1145 1609 1187 hominibus
1628 1146 1742 1186 huius
1763 1145 1964 1187 ecclesiae:

477 1208 662 1250 omnibus
690 1209 953 1258 reconciliare,
982 1210 1165 1251 omnibus
1193 1211 1371 1264 ignosce,
1400 1210 1583 1252 omnibus
1613 1210 1660 1252 da
1689 1212 1965 1252 remissionem

477 1281 748 1327 peccatorum;
776 1275 927 1329 largire,
958 1289 1007 1316 ne
1036 1274 1201 1330 amplius
1220 1275 1312 1330 quid
1332 1283 1508 1329 peccent,
1537 1275 1606 1317 sed
1636 1283 1722 1317 esto
1750 1277 1804 1318 eis
1834 1290 1967 1317 murus

477 1353 521 1380 ac
542 1338 698 1380 destrue
717 1353 879 1381 omnem
901 1341 1182 1391 tentationem;
1211 1354 1249 1393 4.
1276 1341 1461 1381 miserere
1480 1341 1652 1381 virorum
1676 1348 1714 1382 et
1733 1340 1965 1383 feminarum

476 1411 516 1445 et
544 1418 755 1458 puerorum
786 1412 824 1446 et
853 1404 1098 1447 manifestare
1127 1407 1166 1446 in
1197 1405 1379 1446 omnibus
1386 1421 1398 1456 ;
1435 1412 1473 1447 et
1506 1405 1695 1446 scribatur
1728 1407 1767 1446 in
1796 1406 1965 1447 cordibus

477 1483 603 1510 eorum
624 1470 802 1523 cognitio
821 1471 877 1512 tui
897 1484 966 1524 per
986 1472 1230 1523 unigenitum
1251 1478 1360 1512 tuum
1378 1470 1506 1512 Iesum
1524 1470 1738 1522 Christum,
1759 1484 1827 1525 per
1847 1485 1963 1525 quem

476 1533 542 1575 tibi
579 1533 702 1586 gloria
731 1542 770 1576 et
805 1536 1012 1589 imperium
1049 1536 1088 1576 in
1123 1544 1258 1577 sancto
1296 1536 1430 1589 spiritu
1468 1543 1506 1577 et
1542 1550 1645 1576 nunc
1680 1544 1717 1577 et
1755 1537 1794 1576 in
1831 1537 1965 1577 omnia

476 1598 628 1640 saecula
655 1600 913 1650 saeculorum,
943 1615 1071 1642 amen.

1113 1785 1170 1825 XI
1222 1797 1293 1825 xxv
1322 1817 1329 1825 .

820 1860 973 1902 Oratio
1000 1872 1084 1911 pro
1112 1784 1320 1912 episbopg
1348 1864 1396 1903 et
1423 1862 1627 1903 ecelesia.

590 1958 622 1985 1.
653 1945 715 1986 Te
743 1945 973 1988 salvatorem
1001 1954 1039 1988 et
1059 1946 1265 1988 dominum
1287 1948 1530 1997 invocamus,
1560 1947 1682 1987 Deum
1705 1949 1821 1987 omnis
1840 1949 1965 1988 carnis

477 2017 510 2049 ct
540 2009 748 2051 dominum
778 2011 909 2052 omnis
936 2013 1100 2066 spiritus,
1129 2011 1376 2053 benedictum
1396 2019 1434 2053 et
1453 2011 1677 2065 largitorem
1698 2013 1829 2053 omnis
1849 2011 1964 2053 bene·
1988 2018 1995 2031 ‘

477 2073 676 2116 dictionis:
706 2074 899 2117 sanctifica
920 2076 1023 2118 hunc
1044 2077 1271 2130 episcopum
1295 2085 1333 2118 et
1353 2091 1542 2118 conserva
1561 2091 1653 2117 eum
1675 2084 1780 2118 extra
1800 2091 1961 2118 omnem

475 2140 737 2181 tentationem
774 2147 812 2182 et
847 2140 893 2181 da
933 2142 967 2182 ei
995 2142 1223 2197 sapientiam
1254 2150 1293 2184 et
1322 2142 1608 2195 cognitionem,
1644 2141 1701 2182 fac
1739 2156 1829 2183 eum
1864 2142 1965 2184 bene

476 2204 691 2258 procedere
720 2206 758 2245 in
788 2207 958 2249 scientiis
983 2208 1070 2249 tuis.
1121 2219 1156 2248 2.
1189 2207 1453 2261 Deprecamur
1473 2214 1603 2249 autem
1626 2208 1740 2249 etiam
1763 2222 1834 2261 pro
1856 2221 1963 2248 com-

476 2269 729 2324 presbyteris:
764 2270 960 2313 sanctifica
995 2286 1078 2321 θος,
1115 2271 1161 2313 da
1197 2273 1251 2313 eis
1287 2273 1512 2327 sapientiam
1550 2279 1588 2313 et
1624 2273 1894 2325 cognitionem
1926 2281 1963 2314 et

475 2341 622 2376 rectam
653 2334 892 2386 doctrinam3
921 2336 979 2377 fac
1009 2351 1079 2378 eos
1108 2336 1330 2392 dispensare
1359 2344 1510 2378 sanctas
1537 2344 1622 2378 tuas
1643 2336 1838 2378 doctrinas
1859 2345 1963 2378 recte

477 2405 515 2440 et
543 2399 803 2442 immaculate.
854 2414 887 2453 3.
918 2400 1122 2443 Sanctifica
1141 2416 1236 2443 vero
1258 2410 1295 2444 et
1315 2401 1516 2452 diaconos,
1547 2409 1588 2443 ut
1613 2402 1690 2443 sint
1709 2402 1841 2441 mundi
1858 2402 1965 2443 corde

478 2471 515 2505 et
544 2478 712 2518 corpore
733 2472 772 2506 et
791 2467 942 2520 possint
963 2467 1103 2507 munda
1124 2468 1344 2508 conscientia
1365 2467 1582 2508 ministrare
1603 2475 1640 2507 et
1659 2466 1808 2508 adstare
1827 2475 1963 2509 sancto

477 2530 634 2583 corpori
663 2537 702 2571 et
720 2538 856 2572 sancto
876 2532 1067 2584 sanguini.
1116 2546 1153 2584 4.
1185 2532 1449 2586 Deprecamur
1470 2538 1598 2573 autem
1624 2545 1696 2585 pro
1716 2531 1963 2573 subdiaconis

518 2712 559 2752 X,
584 2722 613 2747 2.
649 2711 843 2756 ἐκκλησίαν
865 2717 1000 2759 ζῶσαν]
1034 2716 1187 2750 Similiter
1253 2717 1460 2761 presbyteris,
1485 2715 1705 2759 colligendum
1730 2716 1961 2762 essewvidetur,

476 2766 559 2808 xm,
586 2776 641 2810 133
666 2767 695 2800 11
719 2767 825 2802 Clem.
853 2778 901 2809 14,
927 2779 956 2803 2.
1253 2771 1479 2815 presbyterum
1502 2770 1685 2803 orationem
1710 2770 1947 2814 pronuntiasse.

517 2820 573 2860 XI,
594 2830 685 2854 1—2.
709 2821 794 2855 Cum
815 2823 847 2855 in
863 2823 925 2857 hae
942 2825 1097 2867 particula
1113 2835 1184 2857 ora·
1296 2835 1326 2865 4.
1341 2824 1537 2868 ἑρμηνέων]
1550 2835 1594 2857 sc.
1609 2821 1773 2867 γλώσσης
1785 2824 1837 2863 εἰς
1850 2827 1963 2867 γλῶσ-

474 2875 521 2908 tio
543 2875 598 2909 fiat
622 2886 682 2919 pro
704 2876 767 2909 hoc
792 2877 950 2922 episcopo
969 2885 1000 2911 et
1018 2889 1077 2922 pro
1095 2889 1186 2912 com-
1253 2890 1320 2912 σαι·
1346 2877 1365 2919 ἢ
1386 2878 1424 2913 ἐν
1441 2885 1516 2918 ταῖς
1533 2876 1782 2921 ἀναγνώσεσιν
1799 2876 1818 2922 ἢ
1835 2878 1874 2913 ἐν
1888 2884 1964 2918 ταῖς

1994 1153 2035 1184 10

1992 1477 2034 1506 15

1987 2340 2030 2372 25
