2457 3436
845 398 1111 427 consrlw'rlon
1116 398 1158 427 Es
1186 398 1460 428 Aposrotomm.
1847 390 1871 427 3
1881 391 1896 427 l

397 493 447 534 ἐν
475 488 514 546 ᾧ
540 495 635 546 περὶ
661 492 883 547 μαρτύρων
909 494 1209 547 ἐπιγέγραπται,
1238 494 1343 536 κατὰ
1374 494 1423 536 τὸ
1444 494 1506 536 ιθ’
1525 494 1749 546 κεφάλαιον
1768 496 1903 536 ταῦτα’

398 569 522 609 φασι·
560 558 737 611 Τετράδα
770 558 847 612 γὰρ
879 560 954 601 παὶ
987 558 1248 613 παρασκευὴν
1282 560 1532 612 προσέταξεν
1565 558 1661 612 ἡμῖν
1689 559 1902 613 νηστεύειν

403 633 428 664 ο
457 623 616 677 κύριος,
644 623 723 677 τὴν
750 624 827 677 μὲν
845 623 911 665 διὰ
931 624 1010 677 τὴν
1029 626 1267 677 προδοσίαν,
1297 623 1374 678 τὴν
1392 626 1436 666 δὲ
1455 624 1523 666 διὰ
1539 624 1589 667 τὸ
1609 624 1763 673 πάθος·
1793 624 1899 666 αὐτὸ

401 689 448 729 δὲ
476 693 696 743 νηστεῦσαι
724 688 775 730 τὸ
805 688 1011 740 σάββατον
1039 690 1290 740 παρέδωκεν,
1324 689 1398 741 οὐχ
1433 687 1498 731 ὅτι
1528 691 1589 731 δεῖ
1615 689 1665 731 τὸ
1692 689 1901 740 σάββατον

401 751 628 807 νηστεύειν,
648 753 909 795 κατάπαυσιν
927 755 1186 808 δημιουργίας
1203 752 1403 807 ὑπάρχον,
1423 750 1510 796 ἀλλ’
1533 751 1595 796 ὅτι
1616 754 1748 796 ἐκεῖνο
1765 754 1898 807 μόνον

399 816 480 872 χρὴ
502 816 724 872 νηστεύειν,
754 817 800 859 ἑν
819 811 854 870 ᾦ
873 816 897 859 ὃ
920 818 1163 873 δημιουργὸς
1185 817 1268 861 ὑπὸ
1286 824 1365 872 γῆν
1383 819 1469 861 ἐστι
1498 819 1567 873 (C.
1587 821 1633 860 A.
1656 819 1706 869 V,
1731 833 1791 872 14,
1810 819 1899 873 20).

403 881 512 924 κατὰ
537 882 582 924 δὲ
609 882 660 924 τὸ
687 883 803 930 τέλος
831 888 910 925 τοῦ
938 885 1097 933 βιβλίου
1124 882 1252 924 πάλιν
1281 882 1395 924 οὕτω
1421 886 1536 938 φησί·
1583 887 1674 926 Πᾶν
1700 885 1777 937 μὲν
1804 883 1898 934 σάβ-

401 949 534 997 βατον
563 945 662 989 ἄνευ
688 951 765 990 τοῦ
794 946 888 997 ἑνὸς
914 950 982 989 καὶ
1009 953 1150 990 πᾶσαν
1169 948 1370 1001 κυριακὴν
1392 949 1676 997 ἐπιτελοῦντες
1697 949 1900 998 συνόδους

402 1011 687 1064 εὐφραίνεσθε.
735 1014 803 1054 καὶ
828 1010 912 1066 μετ’
943 1012 1101 1067 σ’λίγον·
1136 1013 1435 1068 Εὕφρανθῆι·αι
1464 1015 1506 1055 δὲ
1535 1015 1580 1055 ἐν
1599 1013 1778 1064 ταύταις,
1809 1011 1895 1056 ἀλλ’

403 1073 454 1119 οὗ
481 1081 689 1132 πενθῆσαι
717 1076 787 1131 (C.
817 1079 866 1120 A.
896 1078 947 1129 V,
977 1090 1041 1128 20,
1075 1077 1155 1132 19).
1216 1079 1261 1120 ἐν
1288 1080 1332 1120 δὲ
1360 1084 1424 1131 τῷ
1452 1078 1611 1132 ἑβδόμῳ
1637 1081 1781 1132 βιβλίῳ
1808 1085 1900 1121 τῶν

401 1141 548 1184 αὐτῶν
565 1144 652 1183 Δια
660 1142 848 1194 τάξεων
866 1142 972 1185 κατὰ
988 1144 1040 1185 τὸ
1058 1143 1098 1184 κ’
1116 1143 1341 1196 κεφάλαιον
1360 1142 1458 1186 τάδε
1475 1147 1588 1198 φησί·
1619 1144 1671 1197 Τὸ
1692 1143 1900 1195 σάββατον

399 1207 546 1260 μέντοι
574 1206 651 1249 καὶ
670 1207 748 1262 τὴν
776 1207 976 1263 κυριακὴν
1005 1207 1226 1261 ἑορτάζετε,
1255 1207 1322 1250 ὅτι
1347 1208 1398 1250 τὸ
1414 1210 1490 1262 μὲν
1509 1211 1767 1263 δημιουργίας
1785 1210 1867 1251 ἐστὶ
1875 1226 1897 1250 ι·

402 1270 638 1326 ὑπόμνημα,
671 1269 696 1327 ἡ
728 1273 770 1314 δὲ
805 1271 1078 1321 ἀναστάσεως.
1134 1273 1179 1314 ἓν
1213 1275 1256 1316 δὲ
1284 1273 1493 1325 σάββατον
1526 1273 1661 1326 μόνον
1694 1273 1788 1329 ἡμῖν
1822 1290 1897 1326 φυ-

400 1340 581 1379 λακτέον
607 1337 653 1379 ἐν
681 1335 769 1391 ὅλῳ
796 1343 860 1389 τῷ
886 1338 1077 1391 ἐνιαυτῷ,
1111 1338 1162 1381 τὸ
1192 1343 1266 1392 τῆς
1293 1343 1369 1381 τοῦ
1400 1342 1582 1392 Χριστοῦ
1609 1345 1753 1394 ταφῆς,
1787 1341 1833 1381 ἐν
1862 1335 1898 1391 ᾦ

401 1400 615 1457 νηστεύειν
640 1402 847 1457 προσήκει,
876 1399 968 1444 ἀλλ’
987 1402 1062 1456 οὐχ
1081 1402 1307 1456 ἑορτάζειν·
1337 1406 1382 1446 ἐν
1402 1400 1488 1457 ὅσῳ
1515 1404 1593 1457 γὰρ
1614 1402 1636 1446 ὁ
1656 1404 1898 1459 δημιουργὸς

401 1464 488 1509 &aa
512 1472 593 1522 γῆν
621 1467 818 1521 τυγχάνει,
854 1467 1117 1522 ἰσχυρότερον
1149 1469 1200 1511 τὸ
1227 1471 1320 1522 περὶ
1350 1466 1480 1511 αὐτοῦ
1506 1471 1663 1517 πένθος
1692 1473 1764 1522 τῆς
1792 1469 1900 1510 κατὰ

401 1533 669 1586 δημιουργίαν
684 1538 811 1586 χαρᾶς
833 1532 902 1588 (C.
919 1536 967 1575 A.
983 1534 1069 1585 VII,
1089 1546 1153 1588 23,
1176 1547 1211 1588 3.
1233 1533 1292 1589 4).
1322 1530 1426 1575 ἀλλὰ
1446 1534 1523 1588 γὰρ
1542 1540 1674 1576 ταῦτα
1690 1538 1898 1586 μυστικῶς

401 1596 471 1638 διὰ
500 1596 734 1652 Κλήμεντος
766 1597 903 1640 πάντα
935 1598 1218 1651 διαταξάμενοι
1253 1598 1330 1640 ούκ
1364 1598 1539 1653 ἔστησαν
1571 1600 1682 1651 μέχρι
1716 1598 1896 1649 τούτων,

403 1660 495 1704 ἀλλ’
520 1662 676 1712 εἰδότες
703 1665 807 1716 θείῳ
834 1663 1035 1716 πνεύματι
1064 1660 1114 1705 οὗ
1141 1663 1218 1719 τὴν
1242 1669 1445 1716 τυχοῦσαν
1465 1664 1696 1716 παράβασιν
1716 1662 1818 1705 εἶναι
1847 1664 1900 1705 τὸ

404 1727 614 1781 νηστεύειν
646 1727 699 1769 τὰ
723 1727 919 1779 σάββατα,
957 1730 1026 1770 καὶ
1059 1730 1247 1782 ἐπιτιμίῳ
1280 1730 1452 1782 σφοδρῷ
1480 1731 1775 1782 καταδεσμοῦσι
1803 1732 1894 1780 περὶ

405 1791 558 1834 τούτου
583 1791 660 1847 τὴν
683 1793 910 1847 ἐκκλησίαν.
957 1795 1057 1845 φασὶ
1074 1793 1152 1847 γὰρ
1171 1794 1216 1835 ἐν
1236 1799 1299 1847 τῷ
1317 1793 1522 1848 ἑξηκοστῷ
1543 1793 1729 1846 τετάρτῳ
1747 1792 1893 1835 κανόνι

407 1863 494 1898 τῶν
516 1857 641 1910 ἱερῶν
662 1857 865 1899 Κανόνων
884 1857 1044 1900 αὐτῶν·
1067 1860 1122 1900 Εἴ
1138 1875 1201 1907 τις
1219 1858 1415 1913 κληρικὸς
1435 1856 1584 1912 εὑρεθῇ
1602 1858 1680 1912 τὴν
1698 1859 1898 1912 κυριακῇν

408 1919 555 1975 ἡμέραν
584 1923 795 1977 νηστεύων
824 1921 848 1976 ἢ
874 1922 924 1965 τὸ
954 1923 1162 1974 σάββατον
1184 1924 1294 1977 πλὴν
1322 1928 1399 1966 τοῦ
1419 1924 1513 1973 ἰνὸς
1531 1926 1599 1965 καὶ
1618 1923 1764 1976 μόνου,
1794 1929 1897 1964 καθ-

409 1989 619 2040 αιρείσθω·
649 1989 685 2029 εἰ
712 1989 754 2029 δὲ
783 1987 933 2038 λαϊκός,
963 1987 1238 2041 α’φοριζέσθω.
1295 1989 1393 2031 Can.
1423 2003 1482 2042 ap.
1514 1991 1578 2031 66.

512 2052 555 2107 c)
584 2068 623 2108 p.
646 2066 710 2107 30.
742 2053 791 2094 02
808 2054 884 2106 μὲν
901 2054 977 2107 γὰρ
997 2052 1223 2096 α’πόστολοι
1241 2054 1401 2096 κανόνα
1420 2055 1513 2107 περὶ
1532 2053 1685 2096 τούτου
1704 2054 1898 2105 ἐξέθεντο

411 2114 540 2166 οὕτως
572 2118 776 2167 εἰπόντες·
813 2119 869 2159 Εἴ
895 2134 956 2167 τις
988 2119 1212 2168 ἐπίσκοπος
1239 2117 1265 2173 ἢ
1293 2119 1568 2172 πρεσβύτερος
1601 2118 1625 2173 ἢ
1654 2119 1845 2167 διάκονος
1874 2117 1897 2173 ἰ)

412 2176 670 2236 ἂναγναίστης
701 2181 726 2237 ἢ
762 2181 922 2238 ψάλτης
957 2183 1036 2237 τὴν
1065 2182 1182 2236 ἁγίαν
1218 2184 1545 2238 τεσσαρακοστὴν
1579 2181 1628 2225 οὗ
1664 2183 1845 2238 νηστεύει
1874 2182 1895 2223 ἴ

411 2246 579 2299 τετράδα
607 2249 676 2289 καὶ
701 2248 977 2303 παρασκευήν,
1007 2252 1305 2302 καθαιρείσθω,
1342 2251 1376 2290 εἶ
1402 2249 1456 2303 μὴ
1486 2248 1539 2290 δι’
1567 2249 1789 2290 α’σθένειαν
1817 2260 1897 2288 σω-

414 2312 579 2367 ματικὴν
606 2312 877 2366 ἐμποδίζοιτο.
936 2313 1033 2354 Can.
1064 2328 1122 2367 ap.
1154 2316 1218 2366 69.

511 2376 558 2432 d)
588 2392 626 2433 p.
647 2389 708 2430 32.
741 2379 820 2419 Καὶ
840 2376 905 2420 ὅτι
925 2375 1229 2430 ἁμαρτάνοντες
1249 2376 1327 2419 κᾶν
1347 2378 1485 2430 τούτῳ
1504 2386 1787 2430 παρανομεῖν-ε,
1809 2374 1892 2417 ἀπὸ

415 2444 478 2495 τῆς
500 2446 593 2493 ταῖν,
617 2438 866 2484 ἀποστόλων
884 2446 1127 2497 Διαταγῆς
1154 2445 1222 2484 καὶ
1250 2449 1338 2484 τῶν
1365 2443 1490 2495 ἱερῶν
1517 2442 1662 2484 αὐτῶν
1691 2440 1897 2492 ἀποδείξω

419 2506 622 2548 Κανόνων.
670 2508 716 2548 ὲν
732 2508 806 2561 μὲν
835 2507 912 2561 γὰρ
931 2512 993 2561 τῷ
1010 2506 1118 2561 ἕκτῳ
1137 2510 1281 2560 βιβλίῳ
1301 2514 1390 2548 τῶν
1410 2507 1475 2548 διὰ
1496 2507 1730 2562 Κλήμεντος
1746 2504 1897 2560 Ῥώμης

414 2572 645 2623 γραφέντων
666 2572 764 2627 (sic)
785 2574 1000 2625 Διαταγῶν
1026 2572 1132 2614 κατὰ
1159 2573 1207 2613 τὸ
1234 2571 1580 2614 ἑπτακαιδέκατον
1599 2572 1826 2623 κεφάλαιον
1856 2572 1894 2612 οἱ

415 2631 628 2679 ἀπόστολοι
656 2637 754 2678 τάδε
774 2639 914 2689 φασίν·
940 2634 1212 2685 Ἐπισκόπους
1240 2636 1265 2692 ἢ
1294 2639 1594 2690 πρεσβυτέρους
1621 2635 1645 2691 ἢ
1675 2636 1897 2684 διακόνους

414 2700 566 2755 εἰπομεν
583 2700 846 2755 μονογάμους
865 2705 1158 2752 καθίστασθαι,
1189 2702 1267 2744 κᾶν
1287 2718 1331 2744 τε
1355 2707 1481 2755 ζῶσιν
1505 2699 1647 2744 αὐτῶν
1667 2702 1707 2742 αἱ
1727 2705 1892 2754 γαμεταὶ

410 2763 481 2807 κᾶν
495 2782 542 2809 τε
555 2766 629 2821 μή·
645 2766 701 2821 μὴ
720 2767 866 2818 ἐξεῖναι
886 2769 929 2808 δὲ
949 2767 1090 2816 αὐτοῖς
1107 2768 1208 2821 μετὰ
1227 2771 1485 2820 χειροτονίαν
1503 2764 1671 2821 ἀγάμοις
1691 2762 1810 2807 οὖσιν
1828 2766 1894 2807 ἐπὶ

408 2831 540 2885 γάμοις
552 2832 748 2886 ἔρχεσθαι
763 2829 787 2886 ἢ
800 2832 1068 2887 γεγαμηκόσιν
1084 2832 1239 2886 ἑτέραις
1251 2834 1565 2884 συμπλέκεσθαι,
1579 2829 1663 2873 ἄλλ’
1681 2828 1894 2882 ἀρκεῖσθαι

406 2891 612 2951 ᾖέχοντες
640 2892 778 2951 ἦλθον
806 2898 873 2939 ἐπὶ
900 2898 978 2951 τὴν
1002 2900 1259 2951 χειροτονίαν
1290 2897 1357 2952 (C.
1389 2899 1435 2938 A.
1466 2896 1534 2947 VI,
1570 2910 1629 2949 17,
1665 2896 1718 2950 1).
1777 2897 1822 2938 ἐν
1851 2897 1893 2938 δὲ
