2457 3436
878 391 1191 423 oonsrrwriouts
1219 393 1496 423 Αροετοιοιυιι.
1820 384 1930 425 XLV

452 485 637 528 zhibente
663 486 751 529 fere
780 494 888 529 totus
917 489 1034 530 etiam
1066 487 1192 530 editus
1220 496 1300 539 est;
1342 488 1452 531 deest
1485 490 1667 544 particula
1695 490 1930 545 paenultima

452 557 578 593 ntum
621 551 704 607 (—
735 552 877 594 Const.
908 553 1016 604 VIII,
1055 554 1143 608 46).
1201 554 1297 595 Mihi
1339 557 1538 597 versiones
1577 554 1801 606 orientales,
1839 570 1930 597 cum

453 614 521 656 ber
551 617 651 658 VIII
691 618 846 672 optime
884 617 1082 659 codicibus
1111 619 1259 672 graecis
1288 618 1425 661 tradita
1454 620 1521 671 sit,
1563 621 1662 662 iuste
1691 622 1930 674 praetermit—

453 680 573 722 endae
603 696 696 724 esse
716 682 958 724 videbantur.
1016 682 1142 724 Modo
1171 682 1218 724 ad
1248 692 1360 738 caput
1381 697 1433 737 47
1461 698 1531 726 seu
1560 685 1745 726 Canones
1773 693 1930 740 aposto·

452 758 562 787 iorum
593 743 661 788 eas
690 747 862 788 adhibui.

549 833 652 875 Libri
661 834 754 875 VIII
764 835 933 877 maxima
947 849 1034 889 pars
1048 835 1206 890 insuper
1219 836 1257 876 in
1269 836 1455 890 scriptura
1470 849 1608 889 graeca
1622 850 1735 891 supra
1751 850 1788 891 p.
1799 836 1931 878 XVIII

469 907 753 941 commemorata
771 899 846 954 (ε-
861 898 1094 955 E[pitome])
1119 907 1254 951 exstat,
1283 914 1383 955 quae
1402 899 1499 941 libro
1519 900 1570 941 illi
1590 901 1931 956 propinquissima‚

477 963 536 1005 sive
558 964 634 1005 eius
662 963 755 1005 sons
783 965 833 1006 sit
861 965 941 1006 sive
962 978 1009 1006 ex
1029 978 1078 1006 eo
1102 964 1269 1016 fluxerit,
1298 966 1337 1006 in
1367 972 1475 1006 textu
1504 964 1748 1007 recensendo
1768 980 1849 1007 non
1872 975 1930 1009 est

485 1028 700 1083 neglegenda.
744 1029 896 1072 Textus
915 1030 1125 1085 scripturae
1154 1031 1191 1071 in
1222 1038 1337 1072 tomo
1365 1030 1400 1072 ll
1428 1032 1541 1072 huius
1571 1031 1700 1085 operis
1717 1045 1755 1085 p.
1772 1033 1930 1084 72—96

491 1094 546 1147 ipse
566 1094 779 1148 publicatur.

569 1180 620 1222 De
644 1190 864 1236 apparatu
894 1183 1064 1224 critico
1094 1182 1188 1224 haec
1223 1182 1507 1224 animadvertas
1536 1182 1665 1224 velim.
1722 1182 1931 1224 Lectiones

504 1245 631 1287 codicum
658 1259 885 1299 graecorum
916 1246 965 1289 ad
994 1261 1075 1289 rem
1105 1261 1174 1289 seu
1202 1261 1361 1288 sensum
1382 1248 1622 1301 pertinentes
1652 1261 1793 1288 omnes
1822 1248 1861 1288 in
1883 1261 1931 1289 eo

507 1319 825 1353 commemorantur.
881 1311 1026 1353 Menda
1055 1320 1183 1354 autem
1222 1311 1524 1367 orthographica
1560 1320 1597 1354 et
1630 1313 1854 1366 praesertim
1885 1326 1932 1353 ex

510 1373 659 1417 ithacismo
683 1384 818 1418 exorta
846 1376 928 1418 fere
947 1391 1138 1432 nusquam
1168 1378 1313 1419 notavi.
1370 1377 1510 1431 Neque
1530 1376 1578 1418 de
1599 1391 1622 1417 ν
1641 1377 1932 1430 ἐφελκυστικῷ,

511 1450 525 1476 a
543 1440 695 1482 vocabulis
723 1439 850 1492 οὕτω,
881 1440 971 1495 ἄχρι
1001 1449 1039 1484 et
1066 1443 1177 1495 μέχρι
1211 1442 1414 1492 adiuncto,
1449 1442 1554 1483 ἰῶτα
1589 1441 1784 1497 adscripto
1825 1441 1933 1495 (sub-

513 1503 640 1558 scriptum
674 1506 829 1548 codices
868 1519 949 1548 non
989 1505 1152 1561 habent)
1187 1506 1378 1548 rationem
1417 1505 1578 1548 reddidi.
1636 1505 1837 1548 Sufficiant
1877 1521 1933 1556 ea,

514 1579 577 1619 quae
596 1570 732 1612 codices
749 1570 972 1613 describens
1001 1571 1049 1613 de
1070 1572 1129 1612 his
1157 1571 1271 1613 rebus
1291 1570 1381 1612 dixi.
1425 1570 1620 1613 Codicum
1651 1584 1770 1625 porro
1800 1571 1933 1613 Petro-

515 1630 620 1682 polliani
651 1636 714 1690 (p)
750 1644 788 1678 et
823 1635 1143 1678 Vindobonensis
1178 1636 1245 1691 (v)
1283 1636 1442 1677 nonnisi
1477 1635 1667 1678 lectiones
1702 1636 1935 1689 insigniores

517 1699 656 1753 exscripsi,
692 1702 918 1757 praesertim
950 1715 1033 1752 eas,
1070 1715 1164 1757 quas
1192 1708 1354 1755 uterque
1386 1700 1482 1742 liber
1519 1700 1578 1742 vel
1614 1700 1707 1742 alter
1741 1715 1816 1742 una
1845 1715 1933 1742 cum

517 1759 713 1807 Ambrosiano
726 1766 812 1821 (m)
827 1766 996 1817 exhibet,
1026 1765 1087 1807 vel
1107 1780 1184 1817 eas,
1204 1780 1298 1821 quas
1312 1765 1487 1819 Lagarde
1506 1765 1586 1807 fere
1607 1780 1762 1820 semper
1781 1773 1936 1808 secutus

517 1832 563 1875 2⁸¹,
581 1828 617 1869 ita
638 1839 674 1872 ut
701 1830 791 1873 inde
810 1839 1005 1886 appareat,
1034 1830 1239 1886 quomodo
1268 1838 1396 1873 textus
1416 1831 1676 1885 Lagardianus
1696 1845 1717 1872 a
1739 1845 1833 1873 meo
1854 1833 1937 1872 uni-

518 1901 589 1932 verse
611 1895 729 1938 saltem
766 1895 953 1950 divergat.
1009 1896 1071 1938 De
1105 1896 1259 1951 reliquis
1296 1895 1449 1936 illorum
1485 1896 1665 1937 codicum
1705 1896 1936 1938 lectionibus

518 1951 644 2000 lectorem
669 1961 713 2002 ad
742 1961 958 2003 editionem
988 1961 1264 2015 Lagardianam
1303 1961 1481 2012 remitto,
1521 1962 1559 2001 in
1589 1975 1665 2015 qua
1698 1962 1870 2003 numeris
1900 1968 1938 2002 et

519 2016 765 2076 inscriptionibus
785 2027 953 2081 capitum
979 2027 1150 2081 exceptis
1170 2026 1304 2067 omnia
1324 2025 1618 2080 diligentissime
1638 2034 1676 2067 et
1700 2026 1938 2080 amplissime

519 2080 643 2130 denotata
673 2099 775 2142 sunt,
812 2092 928 2133 etiam
966 2106 1087 2133 omne
1119 2106 1146 2132 v
1173 2091 1466 2142 ἐφελκυστικὸν
1502 2099 1540 2132 et
1574 2092 1652 2133 iota
1690 2090 1938 2145 adscriptum;

520 2151 682 2198 Wucissima
699 2164 850 2199 tantum
868 2157 1226 2212 praetermittuntur
1239 2156 1300 2198 vel
1324 2156 1415 2197 false
1435 2156 1630 2210 leguntur,
1656 2157 1706 2197 ita
1722 2164 1762 2198 ut
1782 2156 1939 2198 codices

520 2224 758 2264 uuaccurate
774 2211 969 2276 cognosci
989 2222 1152 2277 possint.
1194 2221 1374 2276 Denique
1395 2221 1541 2263 codicis
1555 2221 1730 2263 Vaticani
1744 2222 1849 2262 2088
1872 2220 1938 2275 (b)

521 2288 576 2327 Ws
595 2285 677 2335 prior
703 2287 764 2329 vel
794 2301 852 2338 ea,
881 2301 997 2342 quam
1037 2288 1152 2329 etiam
1192 2286 1317 2328 codex
1346 2286 1589 2328 Oxoniensis
1620 2285 1688 2341 (o)
1720 2287 1753 2327 ei
1783 2287 1939 2340 propin-

520 2342 667 2394 quissimus
701 2352 874 2402 exhibet,
918 2351 1123 2405 diligenter
1160 2351 1351 2406 descripta
1387 2359 1462 2402 est3
1507 2352 1545 2392 in
1583 2358 1688 2405 parte
1724 2352 1939 2405 posteriore

521 2414 607 2452 autem
629 2416 678 2457 vel
704 2416 795 2458 inde
824 2432 844 2458 a
873 2417 997 2472 capite
1018 2429 1065 2470 23
1098 2416 1181 2457 libri
1197 2416 1264 2467 Vl,
1294 2430 1382 2458 cum
1404 2415 1498 2457 liber
1515 2415 1695 2457 barbarus
1725 2416 1942 2457 sexcenties

523 2475 667 2521 m²uifeste
691 2481 850 2532 aberret,
881 2496 950 2523 eae
979 2481 1167 2523 lectiones
1186 2488 1337 2523 tantum
1369 2481 1463 2521 mihi
1484 2479 1835 2522 communicandae
1858 2494 1942 2521 esse

524 2535 700 2641 v{gehantun
727 2561 824 2601 quae
853 2547 1010 2588 alicuius
1039 2547 1232 2587 momenti
1262 2553 1352 2587 sunt
1387 2545 1447 2586 vel
1477 2546 1515 2586 in
1545 2545 1625 2586 aliis
1650 2559 1806 2600 quoque
1837 2544 1943 2586 codi-

525 2612 547 2638 c'
566 2615 597 2644 ¹1⁵
616 2617 755 2652 exstant.

543 2748 549 2755 ⁸
599 2693 774 2749 Apparatui
790 2699 928 2740 critico
943 2697 1121 2739 subiunxi
1135 2697 1477 2739 commentarium.
1507 2697 1821 2738 constitutiones
1838 2709 1945 2750 prae-

528 2762 603 2802 c¹l)¹¹<²
624 2771 659 2799 ex
682 2762 754 2804 aliis
791 2763 986 2818 scripturis
1026 2762 1218 2804 veteribus
1253 2761 1313 2803 vel
1348 2760 1442 2802 locis
1479 2760 1664 2816 parallelis
1702 2758 1946 2801 illustrandae

528 2824 616 2868 mm,
641 2836 787 2878 quorum
829 2828 974 2870 multos
1010 2841 1075 2869 me
1104 2826 1307 2869 Cotelerio
1348 2825 1489 2867 debere
1524 2824 1733 2879 profiteor,
1776 2825 1861 2864 viro
1898 2824 1947 2865 de

529 2874 623 2923 fitteris
644 2888 840 2935 christianis
868 2894 1018 2949 optime
1046 2893 1190 2934 merito
1219 2905 1262 2933 ac
1294 2905 1491 2946 nunquam
1522 2891 1613 2931 satis
1640 2886 1846 2930 laudando.

573 2943 660 2991 ΝΠ.
678 2955 797 2992 ὓωυα.
820 2968 858 2993 ιι·
879 2959 1027 2993 Coum-r.
1048 2968 1100 2992 n».
1146 2959 1168 2991 l.
1777 2951 1820 2985 IV
