2457 3436
911 380 1081 410 canonas
1109 381 1385 410 ΑΡοετοιοῐωΜ.
1842 373 1894 410 45

399 476 597 533 quaedam
631 477 843 518 constituta
876 475 1108 531 pontificum
1138 489 1186 517 ex
1214 477 1306 530 ipsis
1335 477 1548 518 canonibus
1577 485 1773 531 assumpta
1809 491 1894 519 esse

401 541 598 582 videntur.
630 566 680 572 —
709 541 932 596 Sequuntur
960 554 1132 582 canones
1160 542 1437 596 quinquaginta
1466 542 1628 597 priores.

514 618 551 659 3.
581 606 700 661 Epist.
722 606 930 661 Zephyrini
950 619 988 659 p.
1014 617 1106 659 132:
1137 605 1185 647 Et
1203 605 1346 661 reliqua
1366 606 1576 660 privilegia,
1605 620 1681 661 que
1702 606 1774 647 soli
1804 606 1894 648 huic

403 679 559 713 sanctae
578 670 662 711 sedi
682 683 868 712 concessa
897 678 986 712 sunt
1015 677 1054 711 et
1082 670 1122 711 in
1143 671 1364 712 constitutis
1384 669 1655 726 apostolorum
1678 684 1895 726 eorumque

403 748 678 777 successorum
698 735 857 790 aliisque
877 734 1171 790 quamplurimis
1191 749 1280 776 cum
1294 736 1350 776 eis
1365 735 1689 777 concinnantibus
1705 735 1894 777 habentur

405 800 560 842 inserta.
617 799 731 841 LXX
760 799 828 855 (al.
860 799 953 854 LX)
991 800 1097 841 enim
1131 799 1300 853 apostoli
1334 800 1599 842 sententias
1634 799 1895 855 praefixerunt

403 879 492 907 curn
523 864 605 907 aliis
633 865 926 919 quamplurimis
956 865 1149 918 episcopis
1178 871 1217 906 et
1244 864 1452 906 servandas
1481 873 1728 907 censuerunt.

513 929 701 963 Sententiae
724 929 961 974 apostolorum,
984 939 1120 973 quarum
1138 928 1171 961 in
1187 928 1247 962 hac
1264 929 1401 973 epistula
1424 929 1550 963 mentio
1567 929 1613 970 fit,
1637 929 1791 963 Canones
1814 939 1895 973 apo—

405 984 566 1017 stolorum
595 993 669 1017 esse
697 989 845 1027 possunt.
891 983 950 1016 lvo
978 983 1201 1022 Carnotensis‚
1230 982 1405 1016 Pauormia
1432 983 1463 1016 11
1493 993 1521 1016 c.
1548 992 1620 1025 105,
1650 989 1682 1016 et
1711 982 1894 1023 Gratianus,

406 1049 432 1071 c.
457 1047 474 1070 2
501 1038 584 1071 Dist.
613 1036 661 1079 16,
691 1037 802 1071 locum
826 1038 868 1070 ita
892 1037 1093 1081 interpretati
1116 1042 1200 1071 sunt.
1244 1037 1534 1071 Pseudo-Isidorus
1565 1037 1656 1081 operi
1680 1047 1740 1070 suo
1765 1037 1894 1081 quidem

404 1092 638 1136 quinquaginta
654 1097 781 1124 tantum
799 1101 943 1124 canones
958 1091 1103 1124 inseruit.
1144 1090 1181 1124 lu
1197 1090 1289 1124 initio
1307 1097 1417 1124 autem
1433 1092 1542 1135 operis
1558 1091 1599 1124 de
1616 1091 1740 1124 maiore
1757 1101 1895 1124 numero

406 1156 439 1178 se
462 1146 613 1179 notitiam
637 1145 788 1179 habuisse
811 1145 927 1193 prodit.

1122 1253 1178 1287 xi.

775 1340 784 1352 ,
830 1317 1038 1351 simonos
1061 1317 1348 1351 nnzmcsuffls
1369 1318 1473 1361 [874]-

512 1393 655 1435 Canon
685 1392 736 1443 V,
763 1394 862 1435 Acta
890 1392 1030 1434 concii.
1059 1392 1121 1435 ed.
1150 1392 1372 1434 Harduinus
1402 1393 1469 1444 VI,
1506 1405 1597 1446 154:
1628 1394 1689 1435 De
1719 1407 1800 1435 non
1831 1408 1894 1434 ex·

404 1457 739 1500 communicando
772 1464 902 1499 autem
938 1471 988 1499 eo
1025 1456 1297 1513 (presbytero)
1332 1472 1354 1499 a
1389 1459 1674 1499 communione
1717 1458 1892 1512 corporis

406 1531 443 1564 et
462 1522 664 1577 sanguinis
684 1522 827 1564 Christi
849 1523 943 1564 item
964 1535 1136 1563 canones
1156 1522 1307 1564 dicunt:
1337 1522 1564 1577 Episcopus,
1585 1522 1786 1577 presbyter
1806 1529 1894 1572 etc.,

404 1602 457 1629 sc.
489 1601 573 1629 can.
603 1601 663 1642 ap.
695 1599 759 1640 25.

1119 1694 1192 1728 XII.

696 1759 975 1793 ANASTASlUS
996 1759 1395 1793 BIBLIOTHECARIUS
1418 1760 1452 1802 [†
1476 1770 1503 1793 c.
1527 1760 1614 1802 879].

513 1834 705 1878 Praefatio
735 1836 775 1876 in
795 1834 869 1876 VII
888 1834 1086 1890 synodum
1116 1835 1164 1877 ad
1187 1834 1379 1876 Ioannem
1399 1835 1491 1876 VIII
1519 1834 1747 1889 pontificem
1777 1835 1897 1875 maxi-

405 1915 518 1943 mum
548 1899 824 1955 (872—882)‚
854 1901 951 1941 Acta
980 1900 1237 1941 conciliorum
1269 1899 1329 1941 ed.
1351 1899 1573 1941 Harduinus
1602 1900 1671 1949 IV,
1698 1912 1763 1952 19:
1793 1899 1896 1941 Sane

405 1965 625 2007 notandum
655 1973 726 2015 est,
761 1964 950 2020 quaedam
980 1965 1020 2006 in
1050 1965 1122 2006 hac
1150 1964 1307 2019 synodo
1333 1979 1381 2006 ex
1405 1966 1676 2019 apostolorum
1709 1972 1747 2006 et
1765 1971 1896 2006 sextae

404 2028 633 2072 universalis
652 2028 797 2084 synodi
815 2028 1030 2070 canonibus
1058 2036 1097 2071 et
1114 2029 1317 2071 sententiis
1337 2030 1515 2079 inveniri,
1544 2044 1642 2084 quae
1672 2044 1791 2083 penes
1821 2043 1896 2070 nos

402 2096 655 2149 interpretata
675 2107 749 2135 nec
769 2093 958 2135 habentur
978 2107 1050 2135 nec
1070 2093 1339 2135 admittuntur.
1369 2093 1416 2136 Et
1431 2101 1535 2136 certe
1555 2093 1603 2135 de
1624 2093 1895 2148 apostolorum

403 2159 684 2201 Canonibus
721 2158 869 2214 liquido
909 2160 1106 2208 novimus,
1149 2159 1335 2212 quoniam
1377 2159 1436 2200 his
1475 2158 1632 2214 quidam
1669 2158 1780 2200 facile
1813 2173 1894 2200 non

404 2224 619 2279 praebuere
638 2237 891 2265 consensum.
939 2223 1016 2265 Sed
1037 2230 1076 2264 et
1096 2222 1371 2277 praedecessor
1391 2230 1518 2266 vester
1537 2223 1779 2265 beatissimus
1801 2238 1897 2278 papa

403 2289 627 2344 Stephanus
647 2302 730 2330 non
751 2302 798 2330 ex
818 2288 877 2330 his
896 2287 982 2342 plus
1001 2302 1118 2343 quam
1138 2289 1415 2343 quinquaginta
1435 2288 1682 2343 recipiendos
1707 2288 1896 2343 synodice

403 2353 683 2409 promulgavit,
703 2352 793 2395 licet
813 2352 1001 2408 quaedam
1023 2353 1234 2395 constituta
1253 2352 1485 2407 pontificum
1506 2368 1554 2395 ex
1572 2354 1663 2407 ipsis
1683 2353 1897 2394 canonibus

402 2426 607 2472 assumpta
636 2431 722 2459 esse
750 2417 964 2460 videantur.
1013 2417 1130 2459 Unde
1157 2417 1378 2471 apostolatu
1396 2425 1528 2459 vestro
1549 2417 1785 2459 decernente
1814 2431 1897 2458 non

403 2483 535 2525 solum
572 2482 660 2524 illos
695 2482 803 2523 solos
846 2483 1123 2537 quinquaginta
1159 2496 1332 2523 canones
1370 2481 1531 2523 ecclesia
1567 2483 1715 2536 recipit,
1755 2481 1824 2523 sed
1860 2490 1898 2523 et

402 2561 549 2594 omnes
578 2560 731 2597 eorum,
766 2553 905 2601 utpote
939 2547 1096 2600 spiritus
1130 2547 1251 2588 sancti
1286 2546 1479 2597 tubarum,
1515 2547 1608 2602 quin
1644 2554 1682 2588 et
1715 2547 1895 2588 omnium

403 2613 576 2655 omnino
606 2610 862 2666 probabilium
893 2619 1047 2666 patrum
1076 2619 1115 2653 et
1143 2619 1368 2653 sanctorum
1389 2611 1647 2653 conciliorum
1678 2610 1829 2666 regulas
1859 2619 1897 2653 et

402 2678 674 2720 institutiones
708 2676 890 2727 admittit,
926 2676 1007 2718 illas
1042 2676 1253 2726 dumtaxat,
1296 2690 1394 2731 quae
1429 2689 1502 2718 nec
1536 2683 1662 2718 rectae
1697 2675 1788 2717 fidei
1823 2691 1896 2717 nec

404 2743 540 2798 probis
568 2740 744 2783 moribus
773 2740 945 2792 obviant,
979 2741 1049 2783 sed
1078 2755 1150 2782 nec
1179 2740 1281 2783 sedis
1309 2741 1512 2783 Romanae
1540 2731 1705 2783 decretis
1734 2740 1783 2782 ad
1812 2755 1897 2782 mo-

404 2808 538 2850 dicum
575 2804 669 2862 quid
697 2805 896 2856 resultant,
931 2806 1024 2860 quin
1060 2806 1190 2860 potius
1224 2806 1477 2856 adversarios,
1514 2805 1553 2848 id
1587 2814 1645 2847 est
1680 2806 1897 2848 haereticos

403 2879 590 2927 potenter
619 2871 862 2925 impugnant.
