2457 3436
879 374 1194 405 consum-nonus
1220 375 1500 405 APOSTOLORUM.
1807 365 1937 407 XLIX

535 471 664 522 Quae
695 486 787 513 cum
819 472 871 513 ita
899 473 990 522 sint,
1029 470 1114 513 libri
1141 485 1299 527 quoque
1328 471 1375 513 ad
1395 479 1546 514 textum
1566 472 1849 515 restituendum
1871 472 1936 516 ad-

452 534 596 577 iubendi
616 545 725 588 sunt,
754 538 821 592 qui
841 535 1093 579 collectiones
1112 550 1310 579 canonum
1329 538 1545 579 continent.
1583 536 1774 579 Tabulam
1796 551 1933 579 eorum

452 600 611 643 confecit
641 601 746 643 Pitra
775 602 816 643 in
843 609 959 644 tomo
996 602 1126 656 priore
1153 601 1349 643 Historiae
1384 609 1423 644 et
1460 616 1639 644 monum.
1676 603 1768 644 iuris
1797 603 1935 645 eccles.

460 664 690 709 Graecorum
719 681 757 722 p.
790 679 810 720 3
837 681 896 722 sq.
953 668 1136 709 Attamen
1172 681 1254 709 non
1293 680 1435 708 omnes
1470 668 1730 719 enumeravit,
1767 667 1837 709 sed
1867 681 1936 709 eos

468 738 611 781 tantum,
644 733 712 788 qui
741 740 806 774 aut
835 734 1136 786 praestantiores
1165 740 1289 774 aetate
1322 740 1414 774 sunt
1441 740 1506 774 aut
1535 733 1665 774 minus
1694 732 1843 787 cogniti
1871 740 1937 775 aut

479 795 700 839 notabiliores
730 797 915 852 singulari
950 797 1114 852 quadam
1146 797 1309 839 ratione.
1367 797 1554 852 Equidem
1590 798 1748 840 nonnisi
1778 811 1933 852 parvam

485 869 600 916 partem
628 862 807 905 conferre
836 863 959 917 potui.
1016 862 1110 904 Inde
1140 876 1234 904 vero
1270 862 1390 904 editio
1418 863 1482 904 vix
1512 863 1790 904 detrimentum
1821 863 1935 917 cepit.

491 925 575 977 Libri,
597 941 692 982 quos
720 927 811 981 legi,
842 928 937 968 mihi
965 935 1117 969 textum
1145 928 1410 969 communiter
1448 928 1598 982 optime
1627 935 1821 969 servatum
1850 942 1935 969 esse

496 990 780 1034 demonstrabant.
839 992 1152 1034 Fundamentum
1189 1000 1316 1034 textus
1359 991 1588 1034 recensendi
1623 1000 1819 1047 praeterea
1854 1006 1936 1034 non

499 1056 610 1098 codices
635 1057 745 1099 huius
774 1058 906 1099 classis
934 1058 1190 1108 constituunt,
1218 1057 1287 1099 sed
1316 1059 1447 1113 potius
1476 1058 1515 1109 ii,
1544 1058 1609 1113 qui
1638 1071 1739 1112 opus
1765 1058 1936 1100 auctoris

503 1120 658 1164 Canonum
696 1124 824 1178 ipsum
862 1122 922 1163 vel
951 1122 1267 1164 Constitutiones
1304 1122 1503 1177 praebent.
1561 1122 1663 1164 Cum
1694 1123 1881 1165 Canones
1914 1138 1935 1164 a

453 1215 455 1225 .
506 1185 808 1230 Constitutionibus
846 1196 1114 1243 separarentur
1148 1195 1187 1229 et
1223 1187 1520 1230 collectionibus
1558 1184 1755 1230 canonum
1795 1189 1936 1230 insere-

508 1260 606 1303 rentur,
629 1253 852 1295 summatim
882 1251 1038 1307 quidem
1060 1266 1213 1294 summa
1239 1252 1438 1307 diligentia
1467 1252 1794 1304 describebantur,
1823 1252 1937 1295 verba

509 1323 594 1358 autem
616 1317 671 1359 vel
707 1317 837 1359 forma
871 1331 953 1360 non
989 1331 1111 1373 aeque
1147 1317 1462 1360 observabantur.
1519 1318 1634 1368 Quae
1669 1318 1746 1359 vim
1783 1325 1938 1360 senten-

509 1380 600 1422 tiamm
622 1396 698 1424 non
727 1382 951 1437 tangebant,
979 1382 1088 1424 facile
1118 1384 1255 1424 mutari
1285 1390 1484 1437 poterant;
1519 1396 1617 1438 quae
1650 1397 1750 1438 opus
1778 1383 1935 1438 quidem

511 1446 673 1489 universum
701 1447 938 1503 spectabant,
968 1447 1175 1502 particulae
1193 1462 1288 1489 vero
1315 1455 1509 1503 separatae
1534 1461 1615 1489 non
1637 1447 1937 1500 conveniebant,

513 1510 586 1551 etiam
608 1512 781 1555 mutanda
811 1520 933 1555 erant.

582 1576 742 1628 Codices,
769 1592 871 1632 quos
900 1577 1079 1619 conferre
1109 1577 1203 1619 mihi
1232 1577 1352 1628 licuit,
1382 1578 1419 1619 hi
1449 1585 1551 1621 sunt.

587 1653 610 1682 1.
633 1642 836 1685 Vaticanus
857 1644 959 1695 1980
975 1642 1049 1697 (=
1064 1642 1126 1694 α),
1146 1642 1477 1694 membranaceus,
1497 1642 1623 1684 forma
1637 1642 1706 1692 IV,
1735 1656 1834 1684 saec.
1853 1642 1938 1692 ΧΠ,

517 1701 643 1748 foliorum
674 1720 760 1761 195,
790 1716 880 1763 post
909 1709 1111 1762 epitomen
1141 1707 1224 1749 libri
1245 1707 1336 1749 v111
1357 1708 1697 1750 Constitutionum
1719 1707 1766 1762 (f.
1786 1707 1938 1761 5-17)

517 1774 541 1807 tt
565 1769 705 1825 Capitula
744 1773 1086 1815 Constitutionum
1129 1773 1176 1828 (f.
1220 1773 1428 1828 17‘—18')
1468 1773 1492 1814 f.
1528 1774 1715 1815 18'—28‘
1754 1773 1939 1815 Canones

515 1836 720 1884 apostolorum
752 1838 953 1880 exhibens.

587 1912 611 1942 2.
635 1903 840 1946 Vaticanus
862 1904 961 1944 1168
984 1902 1059 1957 (=‚1
1069 1904 1130 1958 β),
1158 1902 1490 1954 membranaceus,
1513 1903 1638 1944 forma
1657 1904 1727 1954 IV,
1748 1918 1848 1945 saec.
1869 1904 1939 1953 XI,

453 2006 455 2010 ,
517 1957 643 2008 loliorum
674 1971 761 2019 160,
791 1968 859 2009 fol.
895 1981 1100 2022 147—153
1133 1968 1318 2010 Canones
1354 1968 1529 2018 tradem,
1568 1968 1780 2010 nonnullos
1807 1976 1937 2010 autem

517 2028 645 2074 omittens
670 2033 729 2075 vel
759 2033 900 2075 ordine
930 2034 1086 2075 inverso
1114 2047 1281 2089 ponens.

589 2107 613 2147 3.
637 2098 841 2140 Vaticanus
870 2099 948 2152 827
979 2098 1054 2153 (—
1080 2098 1141 2153 γ),
1171 2098 1509 2149 membranaceus,
1539 2099 1577 2139 in
1607 2098 1723 2154 folio,
1752 2112 1852 2140 saec.
1884 2098 1940 2140 XI

516 2155 610 2211 -ΧΠ,
637 2162 817 2206 foliorum
849 2176 940 2217 245,
977 2162 1043 2206 fol.
1074 2166 1233 2205 21—26
1263 2164 1449 2206 Canones
1477 2178 1536 2218 ap.
1567 2164 1789 2213 continens,
1820 2162 1887 2204 fol.
1918 2177 1935 2216 3

517 2219 593 2264 etiam
614 2237 712 2283 caput
742 2229 1083 2271 Constitutionum
1116 2228 1351 2283 praecedens
1379 2228 1439 2270 vel
1474 2237 1589 2282 caput
1629 2229 1822 2283 epitomes
1855 2227 1939 2269 libri

518 2281 576 2327 Vfll
594 2291 753 2335 ultimum
784 2308 906 2350 usque
935 2293 983 2336 ad
1002 2293 1116 2335 verba
1144 2291 1415 2335 ὑποδιάκονοι
1443 2296 1511 2335 καὶ
1539 2293 1801 2347 α’ναγνῶσται
1831 2308 1866 2335 ν.
1893 2306 1936 2346 13

517 2349 644 2398 exhibens
671 2367 706 2402 et
726 2358 885 2415 quidem
905 2360 1131 2413 inscriptum
1156 2358 1338 2408 Κανόνες
1357 2358 1685 2413 ἐκκλησιαστικοὶ
1705 2364 1793 2399 τῶν
1813 2355 1941 2410 ἁγίων

516 2410 702 2466 ἅποστόλων
731 2421 1033 2472 ἀποσταλέντες
1059 2424 1126 2466 διὰ
1158 2423 1401 2479 Κλήμεντος.

587 2501 614 2538 4.
640 2489 829 2532 Palatinus
867 2493 941 2543 376
982 2489 1054 2544 (=
1084 2489 1142 2544 d),
1178 2489 1401 2531 chartaceus
1441 2489 1505 2531 fol.
1547 2501 1674 2542 1—-17
1713 2501 1811 2529 saec.
1850 2487 1940 2536 XV,

517 2539 559 2584 fol.
588 2552 742 2607 18—289
780 2554 1098 2596 membranaceus
1131 2568 1231 2595 saec.
1267 2555 1325 2604 X,
1360 2553 1428 2595 fol.
1464 2566 1589 2606 1-13
1628 2552 1814 2595 Canones
1849 2566 1941 2607 apo-

517 2609 652 2659 stolorum
687 2620 896 2662 continens
925 2634 969 2661 ac
1005 2619 1175 2675 pluribus
1209 2619 1355 2661 addens
1389 2618 1548 2661 scholia.
1607 2617 1668 2660 Cf.
1705 2618 1941 2667 Stevenson,

517 2669 634 2723 Codices
658 2699 772 2726 mser.
805 2684 961 2727 Palatini
991 2685 1117 2739 graeci
1153 2686 1250 2737 1885
1283 2699 1320 2738 p.
1351 2695 1442 2737 243.

591 2757 616 2796 5-
640 2749 989 2792 Vallicellianus
1017 2751 1046 2791 F
1081 2762 1127 2791 10
1156 2749 1230 2804 (ε-
1259 2750 1313 2804 ε),
1347 2749 1679 2796 membranaceus,
1714 2746 1838 2788 forma
1874 2746 1941 2795 IV,

516 2812 584 2868 5²20-
605 2810 675 2864 XII,
703 2814 772 2856 fol.
797 2826 884 2867 252,
913 2822 1003 2871 post
1031 2814 1131 2857 duos
1151 2814 1299 2856 libellos
1328 2815 1367 2856 in
1387 2813 1587 2856 volumine
1617 2812 1651 2853 11
1681 2812 1793 2853 huius
1814 2812 1942 2865 operis

517 2876 689 2928 'mpressos,
726 2893 785 2920 sc.
842 2880 1014 2935 Capitula
1044 2880 1385 2922 Constitutionum
1421 2879 1577 2932 triginta
1615 2876 1661 2930 (f.
1694 2875 1874 2930 22—23)
1904 2883 1942 2917 et
