<?xml version="1.0" encoding="UTF-8"?>
<!DOCTYPE html PUBLIC "-//W3C//DTD XHTML 1.0 Transitional//EN"
    "http://www.w3.org/TR/xhtml1/DTD/xhtml1-transitional.dtd">
<html xmlns="http://www.w3.org/1999/xhtml" xml:lang="en" lang="en">
 <head>
  <title>
</title>
<meta http-equiv="Content-Type" content="text/html;charset=utf-8" />
  <meta name='ocr-system' content='tesseract 3.04.00' />
  <meta name='ocr-capabilities' content='ocr_page ocr_carea ocr_par ocr_line ocrx_word'/>
</head>
<body>
  <div class='ocr_page' id='page_1' title='image "./didascaliaetcon00funkgoog/didascaliaetcon00funkgoog_0825.png"; bbox 0 0 2457 3436; ppageno 0'>
   <div class='ocr_carea' id='block_1_1' title="bbox 886 269 1897 308">
    <p class='ocr_par' dir='ltr' id='par_1_1' title="bbox 886 269 1897 308">
     <span class='ocr_line' id='line_1_1' title="bbox 886 269 1897 308; baseline -0.002 -1"><span class='ocrx_word' id='word_1_1' title='bbox 886 278 1108 308; x_wconf 60' lang='lat' dir='ltr'>mmscam</span> <span class='ocrx_word' id='word_1_2' title='bbox 1137 278 1411 308; x_wconf 73' lang='lat' dir='ltr'>APOSTOLORUM.</span> <span class='ocrx_word' id='word_1_3' title='bbox 1870 269 1897 306; x_wconf 63' lang='lat' dir='ltr'>tt</span> 
     </span>
    </p>
   </div>
   <div class='ocr_carea' id='block_1_2' title="bbox 395 371 1895 557">
    <p class='ocr_par' dir='ltr' id='par_1_2' title="bbox 395 371 1895 557">
     <span class='ocr_line' id='line_1_2' title="bbox 395 371 1895 429; baseline -0.003 -13"><span class='ocrx_word' id='word_1_4' title='bbox 395 374 572 429; x_wconf 78' lang='lat' dir='ltr'>aspiciat,</span> <span class='ocrx_word' id='word_1_5' title='bbox 601 375 669 429; x_wconf 89' lang='lat' dir='ltr'>qui</span> <span class='ocrx_word' id='word_1_6' title='bbox 698 382 758 416; x_wconf 90' lang='lat' dir='ltr'>est</span> <span class='ocrx_word' id='word_1_7' title='bbox 786 374 938 415; x_wconf 90' lang='lat' dir='ltr'>sinistra</span> <span class='ocrx_word' id='word_1_8' title='bbox 945 390 958 426; x_wconf 78' lang='lat'>3</span> <span class='ocrx_word' id='word_1_9' title='bbox 987 374 1232 416; x_wconf 86' lang='lat' dir='ltr'><strong>Christianus</strong></span> <span class='ocrx_word' id='word_1_10' title='bbox 1260 381 1390 415; x_wconf 88' lang='lat' dir='ltr'>autem</span> <span class='ocrx_word' id='word_1_11' title='bbox 1411 374 1442 414; x_wconf 91' lang='lat' dir='ltr'>si</span> <span class='ocrx_word' id='word_1_12' title='bbox 1463 373 1728 415; x_wconf 88' lang='lat' dir='ltr'>Christianum</span> <span class='ocrx_word' id='word_1_13' title='bbox 1755 371 1895 413; x_wconf 88' lang='lat' dir='ltr'>viderit</span> 
     </span>
     <span class='ocr_line' id='line_1_3' title="bbox 400 438 1892 494; baseline -0.002 -13"><span class='ocrx_word' id='word_1_14' title='bbox 400 440 697 494; x_wconf 87' lang='lat' dir='ltr'>eleemosynam</span> <span class='ocrx_word' id='word_1_15' title='bbox 726 438 947 489; x_wconf 82' lang='lat' dir='ltr'>facientem,</span> <span class='ocrx_word' id='word_1_16' title='bbox 976 452 1059 480; x_wconf 91' lang='lat' dir='ltr'>non</span> <span class='ocrx_word' id='word_1_17' title='bbox 1089 446 1149 480; x_wconf 90' lang='lat' dir='ltr'>est</span> <span class='ocrx_word' id='word_1_18' title='bbox 1168 445 1304 480; x_wconf 85' lang='lat' dir='ltr'>contra</span> <span class='ocrx_word' id='word_1_19' title='bbox 1324 438 1470 480; x_wconf 89' lang='lat' dir='ltr'><strong>Christi</strong></span> <span class='ocrx_word' id='word_1_20' title='bbox 1499 445 1764 492; x_wconf 89' lang='lat' dir='ltr'>praeceptum,</span> <span class='ocrx_word' id='word_1_21' title='bbox 1794 450 1892 491; x_wconf 87' lang='lat' dir='ltr'>quo·</span> 
     </span>
     <span class='ocr_line' id='line_1_4' title="bbox 401 502 1719 557; baseline -0.002 -11"><span class='ocrx_word' id='word_1_22' title='bbox 401 505 505 546; x_wconf 89' lang='lat' dir='ltr'>niam</span> <span class='ocrx_word' id='word_1_23' title='bbox 535 504 655 545; x_wconf 89' lang='lat' dir='ltr'>ambo</span> <span class='ocrx_word' id='word_1_24' title='bbox 684 503 841 546; x_wconf 85' lang='lat' dir='ltr'>dextera</span> <span class='ocrx_word' id='word_1_25' title='bbox 869 511 972 546; x_wconf 87' lang='lat' dir='ltr'>sunt.</span> <span class='ocrx_word' id='word_1_26' title='bbox 1029 502 1090 546; x_wconf 86' lang='lat' dir='ltr'>Cf.</span> <span class='ocrx_word' id='word_1_27' title='bbox 1120 502 1212 545; x_wconf 89' lang='lat' dir='ltr'>Did.</span> <span class='ocrx_word' id='word_1_28' title='bbox 1243 503 1291 554; x_wconf 93' lang='lat' dir='ltr'>II,</span> <span class='ocrx_word' id='word_1_29' title='bbox 1320 515 1385 557; x_wconf 84' lang='lat'>45,</span> <span class='ocrx_word' id='word_1_30' title='bbox 1419 516 1461 556; x_wconf 81' lang='lat'>33</span> <span class='ocrx_word' id='word_1_31' title='bbox 1490 502 1556 553; x_wconf 93' lang='lat'>111,</span> <span class='ocrx_word' id='word_1_32' title='bbox 1592 516 1651 556; x_wconf 92' lang='lat'>14,</span> <span class='ocrx_word' id='word_1_33' title='bbox 1687 516 1719 543; x_wconf 87' lang='lat'>1.</span> 
     </span>
    </p>
   </div>
   <div class='ocr_carea' id='block_1_3' title="bbox 405 565 1898 873">
    <p class='ocr_par' dir='ltr' id='par_1_3' title="bbox 405 565 1898 873">
     <span class='ocr_line' id='line_1_5' title="bbox 507 565 1898 612; baseline -0.003 -10"><span class='ocrx_word' id='word_1_34' title='bbox 507 568 618 602; x_wconf 86' lang='lat' dir='ltr'>Locus</span> <span class='ocrx_word' id='word_1_35' title='bbox 651 579 719 602; x_wconf 90' lang='lat' dir='ltr'>non</span> <span class='ocrx_word' id='word_1_36' title='bbox 750 570 948 602; x_wconf 72' lang='lat' dir='ltr'>verbotenus</span> <span class='ocrx_word' id='word_1_37' title='bbox 980 569 1013 602; x_wconf 91' lang='lat' dir='ltr'>in</span> <span class='ocrx_word' id='word_1_38' title='bbox 1047 568 1232 602; x_wconf 88' lang='lat' dir='ltr'>Didascalia</span> <span class='ocrx_word' id='word_1_39' title='bbox 1263 568 1390 612; x_wconf 87' lang='lat' dir='ltr'>legitur.</span> <span class='ocrx_word' id='word_1_40' title='bbox 1436 567 1501 601; x_wconf 87' lang='lat' dir='ltr'>Sed</span> <span class='ocrx_word' id='word_1_41' title='bbox 1535 573 1647 601; x_wconf 81' lang='lat' dir='ltr'>auctor</span> <span class='ocrx_word' id='word_1_42' title='bbox 1680 566 1766 599; x_wconf 86' lang='lat' dir='ltr'>haud</span> <span class='ocrx_word' id='word_1_43' title='bbox 1799 565 1898 599; x_wconf 85' lang='lat' dir='ltr'>dubie</span> 
     </span>
     <span class='ocr_line' id='line_1_6' title="bbox 405 620 1896 666; baseline -0.001 -11"><span class='ocrx_word' id='word_1_44' title='bbox 405 632 537 656; x_wconf 85' lang='lat' dir='ltr'>sensum</span> <span class='ocrx_word' id='word_1_45' title='bbox 560 622 669 656; x_wconf 90' lang='lat' dir='ltr'>solum</span> <span class='ocrx_word' id='word_1_46' title='bbox 693 623 827 656; x_wconf 85' lang='lat' dir='ltr'>reddere</span> <span class='ocrx_word' id='word_1_47' title='bbox 856 622 959 656; x_wconf 89' lang='lat' dir='ltr'>voluit</span> <span class='ocrx_word' id='word_1_48' title='bbox 988 622 1041 656; x_wconf 89' lang='lat' dir='ltr'>vel</span> <span class='ocrx_word' id='word_1_49' title='bbox 1069 622 1314 656; x_wconf 87' lang='lat' dir='ltr'>similitudinem</span> <span class='ocrx_word' id='word_1_50' title='bbox 1344 621 1484 666; x_wconf 83' lang='lat' dir='ltr'>gentiles</span> <span class='ocrx_word' id='word_1_51' title='bbox 1513 627 1640 665; x_wconf 88' lang='lat' dir='ltr'>partem</span> <span class='ocrx_word' id='word_1_52' title='bbox 1668 620 1831 654; x_wconf 81' lang='lat' dir='ltr'>sinistram</span> <span class='ocrx_word' id='word_1_53' title='bbox 1863 626 1896 653; x_wconf 91' lang='lat' dir='ltr'>et</span> 
     </span>
     <span class='ocr_line' id='line_1_7' title="bbox 406 674 1897 721; baseline -0.003 -11"><span class='ocrx_word' id='word_1_54' title='bbox 406 676 611 710; x_wconf 81' lang='lat' dir='ltr'>Christianos</span> <span class='ocrx_word' id='word_1_55' title='bbox 634 683 760 721; x_wconf 88' lang='lat' dir='ltr'>partem</span> <span class='ocrx_word' id='word_1_56' title='bbox 783 676 950 710; x_wconf 87' lang='lat' dir='ltr'>dexteram</span> <span class='ocrx_word' id='word_1_57' title='bbox 973 677 1211 721; x_wconf 82' lang='lat' dir='ltr'>designantem,</span> <span class='ocrx_word' id='word_1_58' title='bbox 1243 686 1326 721; x_wconf 87' lang='lat' dir='ltr'>quae</span> <span class='ocrx_word' id='word_1_59' title='bbox 1356 677 1389 709; x_wconf 88' lang='lat' dir='ltr'>in</span> <span class='ocrx_word' id='word_1_60' title='bbox 1411 675 1499 709; x_wconf 90' lang='lat' dir='ltr'>nulla</span> <span class='ocrx_word' id='word_1_61' title='bbox 1522 676 1677 719; x_wconf 84' lang='lat' dir='ltr'>scriptura</span> <span class='ocrx_word' id='word_1_62' title='bbox 1701 679 1810 708; x_wconf 88' lang='lat' dir='ltr'>vetere</span> <span class='ocrx_word' id='word_1_63' title='bbox 1835 674 1897 706; x_wconf 86' lang='lat' dir='ltr'>nisi</span> 
     </span>
     <span class='ocr_line' id='line_1_8' title="bbox 405 729 1898 775; baseline -0.001 -13"><span class='ocrx_word' id='word_1_64' title='bbox 405 731 436 763; x_wconf 89' lang='lat' dir='ltr'>in</span> <span class='ocrx_word' id='word_1_65' title='bbox 458 730 644 764; x_wconf 85' lang='lat' dir='ltr'>Didascalia</span> <span class='ocrx_word' id='word_1_66' title='bbox 666 731 795 775; x_wconf 82' lang='lat' dir='ltr'>legitur,</span> <span class='ocrx_word' id='word_1_67' title='bbox 818 741 887 764; x_wconf 90' lang='lat' dir='ltr'>non</span> <span class='ocrx_word' id='word_1_68' title='bbox 909 740 1041 774; x_wconf 87' lang='lat' dir='ltr'>prorsus</span> <span class='ocrx_word' id='word_1_69' title='bbox 1059 730 1210 763; x_wconf 85' lang='lat' dir='ltr'>distincta</span> <span class='ocrx_word' id='word_1_70' title='bbox 1225 730 1367 774; x_wconf 88' lang='lat' dir='ltr'>quidem,</span> <span class='ocrx_word' id='word_1_71' title='bbox 1391 730 1449 763; x_wconf 88' lang='lat' dir='ltr'>sed</span> <span class='ocrx_word' id='word_1_72' title='bbox 1467 729 1544 763; x_wconf 87' lang='lat' dir='ltr'>satis</span> <span class='ocrx_word' id='word_1_73' title='bbox 1563 729 1668 773; x_wconf 87' lang='lat' dir='ltr'>plena,</span> <span class='ocrx_word' id='word_1_74' title='bbox 1692 739 1767 762; x_wconf 88' lang='lat' dir='ltr'>cum</span> <span class='ocrx_word' id='word_1_75' title='bbox 1783 734 1898 761; x_wconf 81' lang='lat' dir='ltr'>auctor</span> 
     </span>
     <span class='ocr_line' id='line_1_9' title="bbox 406 782 1895 829; baseline -0.003 -11"><span class='ocrx_word' id='word_1_76' title='bbox 406 784 531 818; x_wconf 87' lang='lat' dir='ltr'>duobus</span> <span class='ocrx_word' id='word_1_77' title='bbox 554 784 636 818; x_wconf 84' lang='lat' dir='ltr'>locis</span> <span class='ocrx_word' id='word_1_78' title='bbox 659 784 799 829; x_wconf 85' lang='lat' dir='ltr'>gentiles</span> <span class='ocrx_word' id='word_1_79' title='bbox 822 794 897 818; x_wconf 90' lang='lat' dir='ltr'>cum</span> <span class='ocrx_word' id='word_1_80' title='bbox 920 795 1019 818; x_wconf 85' lang='lat' dir='ltr'>manu</span> <span class='ocrx_word' id='word_1_81' title='bbox 1043 784 1171 818; x_wconf 85' lang='lat' dir='ltr'>sinistra</span> <span class='ocrx_word' id='word_1_82' title='bbox 1187 794 1381 828; x_wconf 88' lang='lat' dir='ltr'>comparans</span> <span class='ocrx_word' id='word_1_83' title='bbox 1398 782 1603 817; x_wconf 84' lang='lat' dir='ltr'>Christianos</span> <span class='ocrx_word' id='word_1_84' title='bbox 1626 792 1761 815; x_wconf 89' lang='lat' dir='ltr'>manum</span> <span class='ocrx_word' id='word_1_85' title='bbox 1782 782 1895 815; x_wconf 74' lang='lat' dir='ltr'>dexte-</span> 
     </span>
     <span class='ocr_line' id='line_1_10' title="bbox 406 838 879 873; baseline 0.002 -2"><span class='ocrx_word' id='word_1_86' title='bbox 406 849 472 872; x_wconf 83' lang='lat' dir='ltr'>ram</span> <span class='ocrx_word' id='word_1_87' title='bbox 496 848 573 872; x_wconf 86' lang='lat' dir='ltr'>esse</span> <span class='ocrx_word' id='word_1_88' title='bbox 596 838 734 872; x_wconf 84' lang='lat' dir='ltr'>dilucide</span> <span class='ocrx_word' id='word_1_89' title='bbox 758 839 879 873; x_wconf 85' lang='lat' dir='ltr'>innuat.</span> 
     </span>
    </p>
   </div>
   <div class='ocr_carea' id='block_1_4' title="bbox 346 890 1901 1854">
    <p class='ocr_par' dir='ltr' id='par_1_4' title="bbox 346 890 1901 1854">
     <span class='ocr_line' id='line_1_11' title="bbox 513 890 1899 946; baseline -0.003 -12"><span class='ocrx_word' id='word_1_90' title='bbox 513 904 552 934; x_wconf 87' lang='lat'>2.</span> <span class='ocrx_word' id='word_1_91' title='bbox 594 893 715 935; x_wconf 89' lang='lat' dir='ltr'>Hom.</span> <span class='ocrx_word' id='word_1_92' title='bbox 745 893 843 944; x_wconf 90' lang='lat' dir='ltr'>LIII,</span> <span class='ocrx_word' id='word_1_93' title='bbox 871 893 940 934; x_wconf 91' lang='lat' dir='ltr'>PG</span> <span class='ocrx_word' id='word_1_94' title='bbox 971 895 1036 945; x_wconf 86' lang='lat'>56,</span> <span class='ocrx_word' id='word_1_95' title='bbox 1056 905 1153 946; x_wconf 83' lang='lat'>935:</span> <span class='ocrx_word' id='word_1_96' title='bbox 1182 892 1367 935; x_wconf 87' lang='lat' dir='ltr'>Attende.</span> <span class='ocrx_word' id='word_1_97' title='bbox 1408 893 1516 934; x_wconf 88' lang='lat' dir='ltr'>Deus</span> <span class='ocrx_word' id='word_1_98' title='bbox 1545 890 1760 933; x_wconf 90' lang='lat' dir='ltr'>secundum</span> <span class='ocrx_word' id='word_1_99' title='bbox 1789 904 1899 944; x_wconf 85' lang='lat' dir='ltr'>prae·</span> 
     </span>
     <span class='ocr_line' id='line_1_12' title="bbox 409 956 1897 1012; baseline -0.002 -14"><span class='ocrx_word' id='word_1_100' title='bbox 409 958 609 999; x_wconf 86' lang='lat' dir='ltr'>scientiam</span> <span class='ocrx_word' id='word_1_101' title='bbox 637 972 746 1000; x_wconf 89' lang='lat' dir='ltr'>suam</span> <span class='ocrx_word' id='word_1_102' title='bbox 775 958 865 1000; x_wconf 90' lang='lat' dir='ltr'>licet</span> <span class='ocrx_word' id='word_1_103' title='bbox 883 958 991 1008; x_wconf 86' lang='lat' dir='ltr'>sciat,</span> <span class='ocrx_word' id='word_1_104' title='bbox 1020 958 1086 1012; x_wconf 91' lang='lat' dir='ltr'>qui</span> <span class='ocrx_word' id='word_1_105' title='bbox 1105 958 1194 1000; x_wconf 88' lang='lat' dir='ltr'>iusti</span> <span class='ocrx_word' id='word_1_106' title='bbox 1215 958 1330 1000; x_wconf 88' lang='lat' dir='ltr'>futuri</span> <span class='ocrx_word' id='word_1_107' title='bbox 1349 959 1428 998; x_wconf 90' lang='lat' dir='ltr'>sint</span> <span class='ocrx_word' id='word_1_108' title='bbox 1448 964 1486 999; x_wconf 89' lang='lat' dir='ltr'>et</span> <span class='ocrx_word' id='word_1_109' title='bbox 1505 958 1571 1011; x_wconf 90' lang='lat' dir='ltr'>qui</span> <span class='ocrx_word' id='word_1_110' title='bbox 1590 956 1734 1006; x_wconf 88' lang='lat' dir='ltr'>iniusti,</span> <span class='ocrx_word' id='word_1_111' title='bbox 1764 962 1897 996; x_wconf 87' lang='lat' dir='ltr'>tamen</span> 
     </span>
     <span class='ocr_line' id='line_1_13' title="bbox 409 1020 1900 1077; baseline -0.002 -14"><span class='ocrx_word' id='word_1_112' title='bbox 409 1035 548 1064; x_wconf 90' lang='lat' dir='ltr'>omnes</span> <span class='ocrx_word' id='word_1_113' title='bbox 577 1031 693 1065; x_wconf 89' lang='lat' dir='ltr'>vocat</span> <span class='ocrx_word' id='word_1_114' title='bbox 726 1022 775 1064; x_wconf 88' lang='lat' dir='ltr'>ad</span> <span class='ocrx_word' id='word_1_115' title='bbox 803 1022 936 1073; x_wconf 87' lang='lat' dir='ltr'>fidem,</span> <span class='ocrx_word' id='word_1_116' title='bbox 976 1021 1071 1064; x_wconf 91' lang='lat' dir='ltr'>dans</span> <span class='ocrx_word' id='word_1_117' title='bbox 1106 1024 1161 1064; x_wconf 89' lang='lat' dir='ltr'>eis</span> <span class='ocrx_word' id='word_1_118' title='bbox 1195 1024 1357 1077; x_wconf 83' lang='lat' dir='ltr'>gratiam</span> <span class='ocrx_word' id='word_1_119' title='bbox 1394 1021 1578 1064; x_wconf 87' lang='lat' dir='ltr'>credendi</span> <span class='ocrx_word' id='word_1_120' title='bbox 1614 1022 1652 1062; x_wconf 89' lang='lat' dir='ltr'>in</span> <span class='ocrx_word' id='word_1_121' title='bbox 1683 1020 1900 1070; x_wconf 83' lang='lat' dir='ltr'>Christum,</span> 
     </span>
     <span class='ocr_line' id='line_1_14' title="bbox 410 1084 1900 1142; baseline -0.002 -14"><span class='ocrx_word' id='word_1_122' title='bbox 410 1087 515 1142; x_wconf 89' lang='lat' dir='ltr'>quod</span> <span class='ocrx_word' id='word_1_123' title='bbox 534 1095 596 1129; x_wconf 87' lang='lat' dir='ltr'>est</span> <span class='ocrx_word' id='word_1_124' title='bbox 613 1087 817 1139; x_wconf 81' lang='lat' dir='ltr'>talentum,</span> <span class='ocrx_word' id='word_1_125' title='bbox 846 1087 961 1129; x_wconf 88' lang='lat' dir='ltr'>bonis</span> <span class='ocrx_word' id='word_1_126' title='bbox 981 1087 1139 1142; x_wconf 90' lang='lat' dir='ltr'>quidem</span> <span class='ocrx_word' id='word_1_127' title='bbox 1160 1087 1207 1129; x_wconf 89' lang='lat' dir='ltr'>ad</span> <span class='ocrx_word' id='word_1_128' title='bbox 1227 1087 1404 1139; x_wconf 88' lang='lat' dir='ltr'>salutem,</span> <span class='ocrx_word' id='word_1_129' title='bbox 1434 1086 1544 1128; x_wconf 87' lang='lat' dir='ltr'>malis</span> <span class='ocrx_word' id='word_1_130' title='bbox 1563 1093 1694 1128; x_wconf 89' lang='lat' dir='ltr'>autem</span> <span class='ocrx_word' id='word_1_131' title='bbox 1714 1084 1761 1126; x_wconf 88' lang='lat' dir='ltr'>ad</span> <span class='ocrx_word' id='word_1_132' title='bbox 1792 1098 1900 1139; x_wconf 82' lang='lat' dir='ltr'>prae-</span> 
     </span>
     <span class='ocr_line' id='line_1_15' title="bbox 409 1150 1901 1203; baseline -0.001 -11"><span class='ocrx_word' id='word_1_133' title='bbox 409 1151 607 1203; x_wconf 86' lang='lat' dir='ltr'>iudicium,</span> <span class='ocrx_word' id='word_1_134' title='bbox 647 1159 689 1194; x_wconf 90' lang='lat' dir='ltr'>ut</span> <span class='ocrx_word' id='word_1_135' title='bbox 722 1152 1001 1194; x_wconf 84' lang='lat' dir='ltr'>inexcusabiles</span> <span class='ocrx_word' id='word_1_136' title='bbox 1037 1152 1144 1194; x_wconf 87' lang='lat' dir='ltr'>fiant.</span> <span class='ocrx_word' id='word_1_137' title='bbox 1200 1152 1389 1194; x_wconf 89' lang='lat' dir='ltr'>Diaconis</span> <span class='ocrx_word' id='word_1_138' title='bbox 1429 1159 1558 1194; x_wconf 87' lang='lat' dir='ltr'>autem</span> <span class='ocrx_word' id='word_1_139' title='bbox 1599 1159 1638 1193; x_wconf 87' lang='lat' dir='ltr'>et</span> <span class='ocrx_word' id='word_1_140' title='bbox 1672 1150 1901 1192; x_wconf 87' lang='lat' dir='ltr'>doctoribus</span> 
     </span>
     <span class='ocr_line' id='line_1_16' title="bbox 409 1216 1899 1272; baseline -0.002 -14"><span class='ocrx_word' id='word_1_141' title='bbox 409 1216 622 1258; x_wconf 87' lang='lat' dir='ltr'>secundum</span> <span class='ocrx_word' id='word_1_142' title='bbox 652 1216 956 1272; x_wconf 87' lang='lat' dir='ltr'>praevidentiam</span> <span class='ocrx_word' id='word_1_143' title='bbox 985 1232 1110 1268; x_wconf 86' lang='lat' dir='ltr'>suam,</span> <span class='ocrx_word' id='word_1_144' title='bbox 1139 1217 1212 1258; x_wconf 90' lang='lat' dir='ltr'>illis</span> <span class='ocrx_word' id='word_1_145' title='bbox 1240 1218 1393 1259; x_wconf 90' lang='lat' dir='ltr'>videtur</span> <span class='ocrx_word' id='word_1_146' title='bbox 1413 1217 1522 1258; x_wconf 92' lang='lat' dir='ltr'>Deus</span> <span class='ocrx_word' id='word_1_147' title='bbox 1550 1217 1754 1269; x_wconf 88' lang='lat' dir='ltr'>iniungere</span> <span class='ocrx_word' id='word_1_148' title='bbox 1784 1216 1899 1256; x_wconf 85' lang='lat' dir='ltr'>mini-</span> 
     </span>
     <span class='ocr_line' id='line_1_17' title="bbox 409 1281 1898 1337; baseline -0.003 -14"><span class='ocrx_word' id='word_1_149' title='bbox 409 1282 568 1323; x_wconf 86' lang='lat' dir='ltr'>sterium</span> <span class='ocrx_word' id='word_1_150' title='bbox 605 1281 831 1324; x_wconf 86' lang='lat' dir='ltr'>diaconatus</span> <span class='ocrx_word' id='word_1_151' title='bbox 863 1290 929 1325; x_wconf 91' lang='lat' dir='ltr'>aut</span> <span class='ocrx_word' id='word_1_152' title='bbox 963 1282 1261 1337; x_wconf 85' lang='lat' dir='ltr'>presbyteratus,</span> <span class='ocrx_word' id='word_1_153' title='bbox 1296 1283 1362 1337; x_wconf 91' lang='lat' dir='ltr'>qui</span> <span class='ocrx_word' id='word_1_154' title='bbox 1396 1289 1486 1323; x_wconf 91' lang='lat' dir='ltr'>sunt</span> <span class='ocrx_word' id='word_1_155' title='bbox 1523 1283 1631 1332; x_wconf 90' lang='lat' dir='ltr'>iusti;</span> <span class='ocrx_word' id='word_1_156' title='bbox 1666 1281 1731 1335; x_wconf 90' lang='lat' dir='ltr'>qui</span> <span class='ocrx_word' id='word_1_157' title='bbox 1767 1288 1898 1321; x_wconf 85' lang='lat' dir='ltr'>autem</span> 
     </span>
     <span class='ocr_line' id='line_1_18' title="bbox 409 1344 1899 1397; baseline -0.002 -10"><span class='ocrx_word' id='word_1_158' title='bbox 409 1347 659 1389; x_wconf 85' lang='lat' dir='ltr'>inveniuntur</span> <span class='ocrx_word' id='word_1_159' title='bbox 688 1347 832 1397; x_wconf 89' lang='lat' dir='ltr'>iniusti,</span> <span class='ocrx_word' id='word_1_160' title='bbox 866 1347 952 1389; x_wconf 90' lang='lat' dir='ltr'>illos</span> <span class='ocrx_word' id='word_1_161' title='bbox 986 1347 1169 1389; x_wconf 90' lang='lat' dir='ltr'>homines</span> <span class='ocrx_word' id='word_1_162' title='bbox 1206 1347 1407 1389; x_wconf 86' lang='lat' dir='ltr'>ordinasse</span> <span class='ocrx_word' id='word_1_163' title='bbox 1435 1346 1628 1397; x_wconf 88' lang='lat' dir='ltr'>videntur,</span> <span class='ocrx_word' id='word_1_164' title='bbox 1665 1359 1749 1387; x_wconf 91' lang='lat' dir='ltr'>non</span> <span class='ocrx_word' id='word_1_165' title='bbox 1778 1344 1899 1385; x_wconf 85' lang='lat' dir='ltr'>Deus.</span> 
     </span>
     <span class='ocr_line' id='line_1_19' title="bbox 346 1404 1900 1467; baseline -0.003 -14"><span class='ocrx_word' id='word_1_166' title='bbox 346 1404 355 1419; x_wconf 86' lang='lat'>&#39;</span> <span class='ocrx_word' id='word_1_167' title='bbox 409 1410 468 1453; x_wconf 87' lang='lat' dir='ltr'>Ab</span> <span class='ocrx_word' id='word_1_168' title='bbox 498 1412 604 1454; x_wconf 84' lang='lat' dir='ltr'>exitu</span> <span class='ocrx_word' id='word_1_169' title='bbox 638 1425 735 1466; x_wconf 87' lang='lat' dir='ltr'>ergo</span> <span class='ocrx_word' id='word_1_170' title='bbox 767 1413 824 1453; x_wconf 89' lang='lat' dir='ltr'>rei</span> <span class='ocrx_word' id='word_1_171' title='bbox 857 1413 1122 1465; x_wconf 88' lang='lat' dir='ltr'>cognoscitur,</span> <span class='ocrx_word' id='word_1_172' title='bbox 1157 1413 1224 1467; x_wconf 88' lang='lat' dir='ltr'>qui</span> <span class='ocrx_word' id='word_1_173' title='bbox 1257 1426 1280 1454; x_wconf 89' lang='lat' dir='ltr'>a</span> <span class='ocrx_word' id='word_1_174' title='bbox 1308 1413 1396 1453; x_wconf 91' lang='lat' dir='ltr'>Deo</span> <span class='ocrx_word' id='word_1_175' title='bbox 1433 1410 1632 1453; x_wconf 89' lang='lat' dir='ltr'>ordinatus</span> <span class='ocrx_word' id='word_1_176' title='bbox 1667 1417 1726 1451; x_wconf 89' lang='lat' dir='ltr'>est</span> <span class='ocrx_word' id='word_1_177' title='bbox 1760 1415 1800 1450; x_wconf 91' lang='lat' dir='ltr'>et</span> <span class='ocrx_word' id='word_1_178' title='bbox 1833 1409 1900 1462; x_wconf 88' lang='lat' dir='ltr'>qui</span> 
     </span>
     <span class='ocr_line' id='line_1_20' title="bbox 409 1474 1900 1527; baseline -0.003 -9"><span class='ocrx_word' id='word_1_179' title='bbox 409 1475 453 1519; x_wconf 87' lang='lat' dir='ltr'>ab</span> <span class='ocrx_word' id='word_1_180' title='bbox 482 1475 723 1518; x_wconf 86' lang='lat' dir='ltr'>hominibus.</span> <span class='ocrx_word' id='word_1_181' title='bbox 771 1477 854 1527; x_wconf 88' lang='lat' dir='ltr'>Qui</span> <span class='ocrx_word' id='word_1_182' title='bbox 883 1478 988 1519; x_wconf 89' lang='lat' dir='ltr'>enim</span> <span class='ocrx_word' id='word_1_183' title='bbox 1009 1478 1270 1519; x_wconf 87' lang='lat' dir='ltr'>ministerium</span> <span class='ocrx_word' id='word_1_184' title='bbox 1300 1491 1412 1519; x_wconf 90' lang='lat' dir='ltr'>suum</span> <span class='ocrx_word' id='word_1_185' title='bbox 1432 1476 1532 1517; x_wconf 88' lang='lat' dir='ltr'>bene</span> <span class='ocrx_word' id='word_1_186' title='bbox 1553 1474 1900 1523; x_wconf 87' lang='lat' dir='ltr'>consummaverit,</span> 
     </span>
     <span class='ocr_line' id='line_1_21' title="bbox 409 1540 1898 1596; baseline -0.003 -14"><span class='ocrx_word' id='word_1_187' title='bbox 409 1548 578 1596; x_wconf 88' lang='lat' dir='ltr'>apparet,</span> <span class='ocrx_word' id='word_1_188' title='bbox 598 1541 687 1596; x_wconf 88' lang='lat' dir='ltr'>quia</span> <span class='ocrx_word' id='word_1_189' title='bbox 706 1555 754 1583; x_wconf 87' lang='lat' dir='ltr'>ex</span> <span class='ocrx_word' id='word_1_190' title='bbox 773 1541 863 1583; x_wconf 86' lang='lat' dir='ltr'>Deo</span> <span class='ocrx_word' id='word_1_191' title='bbox 884 1540 1007 1583; x_wconf 89' lang='lat' dir='ltr'>fuerat</span> <span class='ocrx_word' id='word_1_192' title='bbox 1025 1541 1247 1593; x_wconf 90' lang='lat' dir='ltr'>ordinatus;</span> <span class='ocrx_word' id='word_1_193' title='bbox 1267 1542 1332 1596; x_wconf 90' lang='lat' dir='ltr'>qui</span> <span class='ocrx_word' id='word_1_194' title='bbox 1353 1548 1482 1583; x_wconf 89' lang='lat' dir='ltr'>autem</span> <span class='ocrx_word' id='word_1_195' title='bbox 1504 1540 1761 1582; x_wconf 87' lang='lat' dir='ltr'>ministerium</span> <span class='ocrx_word' id='word_1_196' title='bbox 1782 1552 1898 1579; x_wconf 88' lang='lat' dir='ltr'>suum</span> 
     </span>
     <span class='ocr_line' id='line_1_22' title="bbox 409 1603 1901 1657; baseline -0.003 -10"><span class='ocrx_word' id='word_1_197' title='bbox 409 1620 491 1647; x_wconf 86' lang='lat' dir='ltr'>non</span> <span class='ocrx_word' id='word_1_198' title='bbox 519 1605 622 1647; x_wconf 90' lang='lat' dir='ltr'>bene</span> <span class='ocrx_word' id='word_1_199' title='bbox 648 1607 993 1657; x_wconf 86' lang='lat' dir='ltr'>consummaverit,</span> <span class='ocrx_word' id='word_1_200' title='bbox 1023 1620 1071 1648; x_wconf 82' lang='lat' dir='ltr'>ex</span> <span class='ocrx_word' id='word_1_201' title='bbox 1092 1606 1317 1648; x_wconf 87' lang='lat' dir='ltr'>hominibus</span> <span class='ocrx_word' id='word_1_202' title='bbox 1338 1606 1537 1647; x_wconf 88' lang='lat' dir='ltr'>ordinatus</span> <span class='ocrx_word' id='word_1_203' title='bbox 1556 1612 1627 1646; x_wconf 89' lang='lat' dir='ltr'>est.</span> <span class='ocrx_word' id='word_1_204' title='bbox 1675 1603 1901 1653; x_wconf 88' lang='lat' dir='ltr'>Quomodo</span> 
     </span>
     <span class='ocr_line' id='line_1_23' title="bbox 408 1667 1899 1725; baseline -0.003 -13"><span class='ocrx_word' id='word_1_205' title='bbox 408 1678 539 1712; x_wconf 89' lang='lat' dir='ltr'>autem</span> <span class='ocrx_word' id='word_1_206' title='bbox 569 1669 726 1725; x_wconf 85' lang='lat' dir='ltr'>quidam</span> <span class='ocrx_word' id='word_1_207' title='bbox 761 1670 984 1712; x_wconf 86' lang='lat' dir='ltr'>sacerdotes</span> <span class='ocrx_word' id='word_1_208' title='bbox 1014 1686 1060 1712; x_wconf 87' lang='lat' dir='ltr'>ex</span> <span class='ocrx_word' id='word_1_209' title='bbox 1090 1670 1314 1712; x_wconf 91' lang='lat' dir='ltr'>hominibus</span> <span class='ocrx_word' id='word_1_210' title='bbox 1350 1670 1591 1719; x_wconf 89' lang='lat' dir='ltr'>ordinantur,</span> <span class='ocrx_word' id='word_1_211' title='bbox 1628 1667 1829 1709; x_wconf 88' lang='lat' dir='ltr'>manifeste</span> <span class='ocrx_word' id='word_1_212' title='bbox 1860 1668 1899 1708; x_wconf 89' lang='lat' dir='ltr'>in</span> 
     </span>
     <span class='ocr_line' id='line_1_24' title="bbox 408 1732 1900 1790; baseline -0.003 -14"><span class='ocrx_word' id='word_1_213' title='bbox 408 1735 506 1776; x_wconf 90' lang='lat' dir='ltr'>libro</span> <span class='ocrx_word' id='word_1_214' title='bbox 537 1742 680 1777; x_wconf 89' lang='lat' dir='ltr'>octavo</span> <span class='ocrx_word' id='word_1_215' title='bbox 706 1735 955 1777; x_wconf 87' lang='lat' dir='ltr'>Canonum</span> <span class='ocrx_word' id='word_1_216' title='bbox 985 1735 1254 1790; x_wconf 88' lang='lat' dir='ltr'>apostolorum</span> <span class='ocrx_word' id='word_1_217' title='bbox 1285 1735 1434 1778; x_wconf 87' lang='lat' dir='ltr'>dicitur.</span> <span class='ocrx_word' id='word_1_218' title='bbox 1483 1735 1565 1785; x_wconf 84' lang='lat' dir='ltr'>Qui</span> <span class='ocrx_word' id='word_1_219' title='bbox 1593 1741 1722 1776; x_wconf 88' lang='lat' dir='ltr'>autem</span> <span class='ocrx_word' id='word_1_220' title='bbox 1753 1747 1800 1774; x_wconf 84' lang='lat' dir='ltr'>ex</span> <span class='ocrx_word' id='word_1_221' title='bbox 1830 1732 1900 1772; x_wconf 87' lang='lat' dir='ltr'>ho-</span> 
     </span>
     <span class='ocr_line' id='line_1_25' title="bbox 408 1798 1901 1854; baseline -0.003 -12"><span class='ocrx_word' id='word_1_222' title='bbox 408 1800 580 1842; x_wconf 88' lang='lat' dir='ltr'>minibus</span> <span class='ocrx_word' id='word_1_223' title='bbox 609 1800 810 1842; x_wconf 88' lang='lat' dir='ltr'>ordinatus</span> <span class='ocrx_word' id='word_1_224' title='bbox 839 1808 910 1851; x_wconf 89' lang='lat' dir='ltr'>est,</span> <span class='ocrx_word' id='word_1_225' title='bbox 946 1808 1133 1854; x_wconf 86' lang='lat' dir='ltr'>quantum</span> <span class='ocrx_word' id='word_1_226' title='bbox 1170 1800 1218 1842; x_wconf 87' lang='lat' dir='ltr'>ad</span> <span class='ocrx_word' id='word_1_227' title='bbox 1246 1801 1378 1842; x_wconf 90' lang='lat' dir='ltr'>Deum</span> <span class='ocrx_word' id='word_1_228' title='bbox 1414 1814 1496 1840; x_wconf 93' lang='lat' dir='ltr'>non</span> <span class='ocrx_word' id='word_1_229' title='bbox 1532 1807 1591 1841; x_wconf 90' lang='lat' dir='ltr'>est</span> <span class='ocrx_word' id='word_1_230' title='bbox 1620 1798 1807 1840; x_wconf 86' lang='lat' dir='ltr'>diaconus</span> <span class='ocrx_word' id='word_1_231' title='bbox 1836 1805 1901 1838; x_wconf 85' lang='lat' dir='ltr'>aut</span> 
     </span>
    </p>
   </div>
   <div class='ocr_carea' id='block_1_5' title="bbox 409 1864 1908 2837">
    <p class='ocr_par' dir='ltr' id='par_1_5' title="bbox 409 1864 606 1906">
     <span class='ocr_line' id='line_1_26' title="bbox 409 1864 606 1906; baseline -0.005 0"><span class='ocrx_word' id='word_1_232' title='bbox 409 1864 606 1906; x_wconf 89' lang='lat' dir='ltr'>sacerdos.</span> 
     </span>
    </p>

    <p class='ocr_par' dir='ltr' id='par_1_6' title="bbox 409 1927 1908 2837">
     <span class='ocr_line' id='line_1_27' title="bbox 518 1927 1902 1973; baseline -0.002 -11"><span class='ocrx_word' id='word_1_233' title='bbox 518 1928 629 1962; x_wconf 88' lang='lat' dir='ltr'>Locus</span> <span class='ocrx_word' id='word_1_234' title='bbox 651 1929 819 1973; x_wconf 88' lang='lat' dir='ltr'>hucusque</span> <span class='ocrx_word' id='word_1_235' title='bbox 847 1930 888 1962; x_wconf 92' lang='lat' dir='ltr'>ad</span> <span class='ocrx_word' id='word_1_236' title='bbox 911 1929 1191 1963; x_wconf 89' lang='lat' dir='ltr'>Constitutionum</span> <span class='ocrx_word' id='word_1_237' title='bbox 1219 1929 1337 1962; x_wconf 88' lang='lat' dir='ltr'>librum</span> <span class='ocrx_word' id='word_1_238' title='bbox 1360 1929 1438 1962; x_wconf 87' lang='lat' dir='ltr'>V111</span> <span class='ocrx_word' id='word_1_239' title='bbox 1461 1928 1669 1968; x_wconf 86' lang='lat' dir='ltr'>referebatur,</span> <span class='ocrx_word' id='word_1_240' title='bbox 1698 1927 1752 1960; x_wconf 88' lang='lat' dir='ltr'>ubi</span> <span class='ocrx_word' id='word_1_241' title='bbox 1775 1937 1802 1960; x_wconf 91' lang='lat' dir='ltr'>c.</span> <span class='ocrx_word' id='word_1_242' title='bbox 1828 1935 1857 1965; x_wconf 88' lang='lat'>2,</span> <span class='ocrx_word' id='word_1_243' title='bbox 1880 1936 1902 1966; x_wconf 82' lang='lat'>4</span> 
     </span>
     <span class='ocr_line' id='line_1_28' title="bbox 409 1981 1901 2028; baseline -0.002 -12"><span class='ocrx_word' id='word_1_244' title='bbox 409 1984 585 2027; x_wconf 83' lang='lat' dir='ltr'>episcopus</span> <span class='ocrx_word' id='word_1_245' title='bbox 609 1983 792 2028; x_wconf 86' lang='lat' dir='ltr'>ignorantia</span> <span class='ocrx_word' id='word_1_246' title='bbox 810 1983 863 2017; x_wconf 89' lang='lat' dir='ltr'>vel</span> <span class='ocrx_word' id='word_1_247' title='bbox 880 1984 980 2017; x_wconf 88' lang='lat' dir='ltr'>animi</span> <span class='ocrx_word' id='word_1_248' title='bbox 997 1983 1155 2027; x_wconf 82' lang='lat' dir='ltr'>pravitate</span> <span class='ocrx_word' id='word_1_249' title='bbox 1173 1983 1368 2017; x_wconf 89' lang='lat' dir='ltr'>constrictus</span> <span class='ocrx_word' id='word_1_250' title='bbox 1384 1983 1499 2016; x_wconf 89' lang='lat' dir='ltr'>dicitur</span> <span class='ocrx_word' id='word_1_251' title='bbox 1516 1992 1628 2015; x_wconf 88' lang='lat' dir='ltr'>revera</span> <span class='ocrx_word' id='word_1_252' title='bbox 1644 1992 1712 2015; x_wconf 90' lang='lat' dir='ltr'>non</span> <span class='ocrx_word' id='word_1_253' title='bbox 1727 1981 1901 2025; x_wconf 85' lang='lat' dir='ltr'>episcopus</span> 
     </span>
     <span class='ocr_line' id='line_1_29' title="bbox 409 2035 1902 2082; baseline -0.002 -12"><span class='ocrx_word' id='word_1_254' title='bbox 409 2047 495 2077; x_wconf 83' lang='lat' dir='ltr'>esse,</span> <span class='ocrx_word' id='word_1_255' title='bbox 519 2037 577 2070; x_wconf 87' lang='lat' dir='ltr'>sed</span> <span class='ocrx_word' id='word_1_256' title='bbox 601 2036 718 2070; x_wconf 77' lang='lat' dir='ltr'>falsum</span> <span class='ocrx_word' id='word_1_257' title='bbox 740 2047 865 2071; x_wconf 87' lang='lat' dir='ltr'>nomen</span> <span class='ocrx_word' id='word_1_258' title='bbox 887 2047 1013 2081; x_wconf 84' lang='lat' dir='ltr'>gerere,</span> <span class='ocrx_word' id='word_1_259' title='bbox 1038 2038 1157 2081; x_wconf 85' lang='lat' dir='ltr'>quippe</span> <span class='ocrx_word' id='word_1_260' title='bbox 1181 2038 1234 2082; x_wconf 86' lang='lat' dir='ltr'>qui</span> <span class='ocrx_word' id='word_1_261' title='bbox 1256 2048 1324 2070; x_wconf 92' lang='lat' dir='ltr'>non</span> <span class='ocrx_word' id='word_1_262' title='bbox 1340 2049 1358 2070; x_wconf 86' lang='lat' dir='ltr'>a</span> <span class='ocrx_word' id='word_1_263' title='bbox 1374 2037 1460 2078; x_wconf 86' lang='lat' dir='ltr'>Deo,</span> <span class='ocrx_word' id='word_1_264' title='bbox 1484 2037 1542 2070; x_wconf 85' lang='lat' dir='ltr'>sed</span> <span class='ocrx_word' id='word_1_265' title='bbox 1558 2036 1598 2069; x_wconf 88' lang='lat' dir='ltr'>ab</span> <span class='ocrx_word' id='word_1_266' title='bbox 1616 2035 1803 2070; x_wconf 88' lang='lat' dir='ltr'>hominibus</span> <span class='ocrx_word' id='word_1_267' title='bbox 1827 2045 1902 2078; x_wconf 86' lang='lat' dir='ltr'>pro-</span> 
     </span>
     <span class='ocr_line' id='line_1_30' title="bbox 409 2089 1906 2137; baseline -0.002 -13"><span class='ocrx_word' id='word_1_268' title='bbox 409 2096 521 2125; x_wconf 83' lang='lat' dir='ltr'>motus</span> <span class='ocrx_word' id='word_1_269' title='bbox 545 2090 649 2124; x_wconf 87' lang='lat' dir='ltr'>fuerit.</span> <span class='ocrx_word' id='word_1_270' title='bbox 689 2091 833 2137; x_wconf 76' lang='lat' dir='ltr'>Apparet</span> <span class='ocrx_word' id='word_1_271' title='bbox 855 2098 975 2133; x_wconf 86' lang='lat' dir='ltr'>autem,</span> <span class='ocrx_word' id='word_1_272' title='bbox 998 2091 1084 2125; x_wconf 87' lang='lat' dir='ltr'>hunc</span> <span class='ocrx_word' id='word_1_273' title='bbox 1107 2091 1218 2124; x_wconf 87' lang='lat' dir='ltr'>locum</span> <span class='ocrx_word' id='word_1_274' title='bbox 1242 2091 1294 2124; x_wconf 86' lang='lat' dir='ltr'>vix</span> <span class='ocrx_word' id='word_1_275' title='bbox 1317 2091 1473 2136; x_wconf 86' lang='lat' dir='ltr'>quadrare</span> <span class='ocrx_word' id='word_1_276' title='bbox 1489 2091 1529 2124; x_wconf 90' lang='lat' dir='ltr'>ad</span> <span class='ocrx_word' id='word_1_277' title='bbox 1548 2090 1641 2134; x_wconf 92' lang='lat' dir='ltr'>Opus</span> <span class='ocrx_word' id='word_1_278' title='bbox 1657 2089 1795 2134; x_wconf 70' lang='lat' dir='ltr'>imperf„</span> <span class='ocrx_word' id='word_1_279' title='bbox 1819 2089 1906 2133; x_wconf 89' lang='lat' dir='ltr'>quod</span> 
     </span>
     <span class='ocr_line' id='line_1_31' title="bbox 409 2144 1905 2190; baseline -0.002 -12"><span class='ocrx_word' id='word_1_280' title='bbox 409 2146 604 2190; x_wconf 85' lang='lat' dir='ltr'>scripturam</span> <span class='ocrx_word' id='word_1_281' title='bbox 626 2144 801 2189; x_wconf 83' lang='lat' dir='ltr'>allegatam</span> <span class='ocrx_word' id='word_1_282' title='bbox 824 2145 953 2179; x_wconf 86' lang='lat' dir='ltr'>uberius</span> <span class='ocrx_word' id='word_1_283' title='bbox 976 2156 1141 2189; x_wconf 79' lang='lat' dir='ltr'>exponere</span> <span class='ocrx_word' id='word_1_284' title='bbox 1165 2145 1282 2189; x_wconf 87' lang='lat' dir='ltr'>prodit,</span> <span class='ocrx_word' id='word_1_285' title='bbox 1306 2145 1475 2190; x_wconf 87' lang='lat' dir='ltr'>quomodo</span> <span class='ocrx_word' id='word_1_286' title='bbox 1498 2145 1628 2189; x_wconf 88' lang='lat' dir='ltr'>quidam</span> <span class='ocrx_word' id='word_1_287' title='bbox 1652 2144 1840 2178; x_wconf 86' lang='lat' dir='ltr'>sacerdotes</span> <span class='ocrx_word' id='word_1_288' title='bbox 1864 2154 1905 2175; x_wconf 74' lang='lat' dir='ltr'>ex</span> 
     </span>
     <span class='ocr_line' id='line_1_32' title="bbox 409 2197 1905 2243; baseline -0.003 -10"><span class='ocrx_word' id='word_1_289' title='bbox 409 2199 600 2233; x_wconf 83' lang='lat' dir='ltr'>hominibus</span> <span class='ocrx_word' id='word_1_290' title='bbox 623 2199 824 2233; x_wconf 88' lang='lat' dir='ltr'>ordinentur.</span> <span class='ocrx_word' id='word_1_291' title='bbox 869 2199 985 2243; x_wconf 88' lang='lat' dir='ltr'>Neque</span> <span class='ocrx_word' id='word_1_292' title='bbox 1008 2199 1087 2233; x_wconf 88' lang='lat' dir='ltr'>alias</span> <span class='ocrx_word' id='word_1_293' title='bbox 1111 2199 1374 2233; x_wconf 87' lang='lat' dir='ltr'>Constitutiones</span> <span class='ocrx_word' id='word_1_294' title='bbox 1398 2199 1429 2232; x_wconf 88' lang='lat' dir='ltr'>id</span> <span class='ocrx_word' id='word_1_295' title='bbox 1452 2203 1604 2232; x_wconf 86' lang='lat' dir='ltr'>accurate</span> <span class='ocrx_word' id='word_1_296' title='bbox 1628 2198 1792 2237; x_wconf 85' lang='lat' dir='ltr'>exhibent,</span> <span class='ocrx_word' id='word_1_297' title='bbox 1817 2197 1905 2240; x_wconf 88' lang='lat' dir='ltr'>quod</span> 
     </span>
     <span class='ocr_line' id='line_1_33' title="bbox 409 2251 1905 2297; baseline -0.003 -11"><span class='ocrx_word' id='word_1_298' title='bbox 409 2253 507 2297; x_wconf 88' lang='lat' dir='ltr'>Opus</span> <span class='ocrx_word' id='word_1_299' title='bbox 531 2252 659 2297; x_wconf 85' lang='lat' dir='ltr'>imperf.</span> <span class='ocrx_word' id='word_1_300' title='bbox 682 2252 704 2286; x_wconf 85' lang='lat' dir='ltr'>l.</span> <span class='ocrx_word' id='word_1_301' title='bbox 723 2263 750 2286; x_wconf 86' lang='lat' dir='ltr'>c.</span> <span class='ocrx_word' id='word_1_302' title='bbox 771 2253 858 2287; x_wconf 87' lang='lat' dir='ltr'>dicit.</span> <span class='ocrx_word' id='word_1_303' title='bbox 897 2253 983 2286; x_wconf 91' lang='lat' dir='ltr'>Cum</span> <span class='ocrx_word' id='word_1_304' title='bbox 1006 2259 1116 2286; x_wconf 88' lang='lat' dir='ltr'>autem</span> <span class='ocrx_word' id='word_1_305' title='bbox 1135 2253 1229 2297; x_wconf 89' lang='lat' dir='ltr'>Opus</span> <span class='ocrx_word' id='word_1_306' title='bbox 1251 2254 1439 2286; x_wconf 81' lang='lat' dir='ltr'>sacerdotes</span> <span class='ocrx_word' id='word_1_307' title='bbox 1463 2263 1502 2285; x_wconf 85' lang='lat' dir='ltr'>ex</span> <span class='ocrx_word' id='word_1_308' title='bbox 1525 2252 1714 2285; x_wconf 88' lang='lat' dir='ltr'>hominibus</span> <span class='ocrx_word' id='word_1_309' title='bbox 1737 2251 1905 2283; x_wconf 86' lang='lat' dir='ltr'>ordinatos</span> 
     </span>
     <span class='ocr_line' id='line_1_34' title="bbox 409 2305 1902 2351; baseline -0.003 -11"><span class='ocrx_word' id='word_1_310' title='bbox 409 2317 508 2341; x_wconf 82' lang='lat' dir='ltr'>versu</span> <span class='ocrx_word' id='word_1_311' title='bbox 531 2307 720 2340; x_wconf 85' lang='lat' dir='ltr'>immediate</span> <span class='ocrx_word' id='word_1_312' title='bbox 742 2306 956 2351; x_wconf 86' lang='lat' dir='ltr'>praecedente</span> <span class='ocrx_word' id='word_1_313' title='bbox 979 2317 1038 2340; x_wconf 89' lang='lat' dir='ltr'>eos</span> <span class='ocrx_word' id='word_1_314' title='bbox 1062 2318 1134 2341; x_wconf 89' lang='lat' dir='ltr'>esse</span> <span class='ocrx_word' id='word_1_315' title='bbox 1159 2308 1255 2347; x_wconf 85' lang='lat' dir='ltr'>dicat,</span> <span class='ocrx_word' id='word_1_316' title='bbox 1284 2308 1337 2351; x_wconf 89' lang='lat' dir='ltr'>qui</span> <span class='ocrx_word' id='word_1_317' title='bbox 1367 2306 1583 2340; x_wconf 86' lang='lat' dir='ltr'>ministerium</span> <span class='ocrx_word' id='word_1_318' title='bbox 1612 2315 1679 2338; x_wconf 91' lang='lat' dir='ltr'>non</span> <span class='ocrx_word' id='word_1_319' title='bbox 1708 2305 1793 2338; x_wconf 88' lang='lat' dir='ltr'>bene</span> <span class='ocrx_word' id='word_1_320' title='bbox 1823 2315 1902 2337; x_wconf 90' lang='lat' dir='ltr'>con-</span> 
     </span>
     <span class='ocr_line' id='line_1_35' title="bbox 410 2358 1904 2405; baseline -0.003 -11"><span class='ocrx_word' id='word_1_321' title='bbox 410 2361 658 2401; x_wconf 86' lang='lat' dir='ltr'>summaverint,</span> <span class='ocrx_word' id='word_1_322' title='bbox 687 2361 782 2395; x_wconf 89' lang='lat' dir='ltr'>nobis</span> <span class='ocrx_word' id='word_1_323' title='bbox 811 2371 946 2394; x_wconf 87' lang='lat' dir='ltr'>censere</span> <span class='ocrx_word' id='word_1_324' title='bbox 975 2361 1060 2402; x_wconf 88' lang='lat' dir='ltr'>licet,</span> <span class='ocrx_word' id='word_1_325' title='bbox 1090 2367 1259 2395; x_wconf 86' lang='lat' dir='ltr'>auctorem</span> <span class='ocrx_word' id='word_1_326' title='bbox 1288 2372 1361 2394; x_wconf 88' lang='lat' dir='ltr'>eam</span> <span class='ocrx_word' id='word_1_327' title='bbox 1391 2367 1515 2405; x_wconf 88' lang='lat' dir='ltr'>partem</span> <span class='ocrx_word' id='word_1_328' title='bbox 1540 2359 1822 2393; x_wconf 78' lang='lat' dir='ltr'>constitutionum</span> <span class='ocrx_word' id='word_1_329' title='bbox 1852 2358 1904 2390; x_wconf 75' lang='lat' dir='ltr'>vel</span> 
     </span>
     <span class='ocr_line' id='line_1_36' title="bbox 410 2413 1906 2460; baseline -0.003 -11"><span class='ocrx_word' id='word_1_330' title='bbox 410 2415 618 2449; x_wconf 87' lang='lat' dir='ltr'>Didascaliae</span> <span class='ocrx_word' id='word_1_331' title='bbox 643 2415 835 2460; x_wconf 83' lang='lat' dir='ltr'>respexisse,</span> <span class='ocrx_word' id='word_1_332' title='bbox 859 2426 921 2460; x_wconf 90' lang='lat' dir='ltr'>qua</span> <span class='ocrx_word' id='word_1_333' title='bbox 944 2416 1021 2449; x_wconf 91' lang='lat' dir='ltr'>vitia</span> <span class='ocrx_word' id='word_1_334' title='bbox 1046 2421 1259 2459; x_wconf 83' lang='lat' dir='ltr'>exponuntur,</span> <span class='ocrx_word' id='word_1_335' title='bbox 1284 2426 1366 2458; x_wconf 85' lang='lat' dir='ltr'>quae</span> <span class='ocrx_word' id='word_1_336' title='bbox 1389 2415 1429 2447; x_wconf 87' lang='lat' dir='ltr'>ab</span> <span class='ocrx_word' id='word_1_337' title='bbox 1452 2415 1610 2458; x_wconf 89' lang='lat' dir='ltr'>episcopo</span> <span class='ocrx_word' id='word_1_338' title='bbox 1632 2413 1747 2446; x_wconf 85' lang='lat' dir='ltr'>abesse</span> <span class='ocrx_word' id='word_1_339' title='bbox 1763 2418 1906 2456; x_wconf 87' lang='lat' dir='ltr'>oportet,</span> 
     </span>
     <span class='ocr_line' id='line_1_37' title="bbox 411 2467 1905 2506; baseline -0.003 -3"><span class='ocrx_word' id='word_1_340' title='bbox 411 2481 488 2504; x_wconf 85' lang='lat' dir='ltr'>cum</span> <span class='ocrx_word' id='word_1_341' title='bbox 512 2470 665 2503; x_wconf 88' lang='lat' dir='ltr'>sacerdos</span> <span class='ocrx_word' id='word_1_342' title='bbox 688 2469 751 2503; x_wconf 90' lang='lat' dir='ltr'>illis</span> <span class='ocrx_word' id='word_1_343' title='bbox 768 2469 854 2502; x_wconf 85' lang='lat' dir='ltr'>vitiis</span> <span class='ocrx_word' id='word_1_344' title='bbox 878 2469 1057 2503; x_wconf 87' lang='lat' dir='ltr'>adhaerens</span> <span class='ocrx_word' id='word_1_345' title='bbox 1074 2470 1161 2502; x_wconf 88' lang='lat' dir='ltr'>idem</span> <span class='ocrx_word' id='word_1_346' title='bbox 1177 2470 1218 2502; x_wconf 90' lang='lat' dir='ltr'>sit</span> <span class='ocrx_word' id='word_1_347' title='bbox 1233 2480 1270 2502; x_wconf 88' lang='lat' dir='ltr'>ac</span> <span class='ocrx_word' id='word_1_348' title='bbox 1289 2469 1442 2502; x_wconf 88' lang='lat' dir='ltr'>sacerdos</span> <span class='ocrx_word' id='word_1_349' title='bbox 1460 2479 1500 2501; x_wconf 87' lang='lat' dir='ltr'>ex</span> <span class='ocrx_word' id='word_1_350' title='bbox 1517 2468 1705 2501; x_wconf 87' lang='lat' dir='ltr'>hominibus</span> <span class='ocrx_word' id='word_1_351' title='bbox 1722 2467 1905 2506; x_wconf 83' lang='lat' dir='ltr'>ordinatus;</span> 
     </span>
     <span class='ocr_line' id='line_1_38' title="bbox 410 2520 1904 2567; baseline -0.003 -10"><span class='ocrx_word' id='word_1_352' title='bbox 410 2530 444 2557; x_wconf 86' lang='lat' dir='ltr'>et</span> <span class='ocrx_word' id='word_1_353' title='bbox 468 2524 496 2557; x_wconf 87' lang='lat' dir='ltr'>si</span> <span class='ocrx_word' id='word_1_354' title='bbox 520 2533 640 2557; x_wconf 89' lang='lat' dir='ltr'>vocem</span> <span class='ocrx_word' id='word_1_355' title='bbox 657 2523 832 2557; x_wconf 87' lang='lat' dir='ltr'>Canonum</span> <span class='ocrx_word' id='word_1_356' title='bbox 855 2524 887 2556; x_wconf 89' lang='lat' dir='ltr'>in</span> <span class='ocrx_word' id='word_1_357' title='bbox 911 2524 971 2556; x_wconf 89' lang='lat' dir='ltr'>hac</span> <span class='ocrx_word' id='word_1_358' title='bbox 995 2523 1142 2557; x_wconf 89' lang='lat' dir='ltr'>sectione</span> <span class='ocrx_word' id='word_1_359' title='bbox 1166 2524 1305 2557; x_wconf 87' lang='lat' dir='ltr'>eandem</span> <span class='ocrx_word' id='word_1_360' title='bbox 1334 2524 1527 2567; x_wconf 87' lang='lat' dir='ltr'>scripturam</span> <span class='ocrx_word' id='word_1_361' title='bbox 1555 2522 1728 2565; x_wconf 85' lang='lat' dir='ltr'>designare</span> <span class='ocrx_word' id='word_1_362' title='bbox 1757 2527 1853 2564; x_wconf 87' lang='lat' dir='ltr'>atque</span> <span class='ocrx_word' id='word_1_363' title='bbox 1872 2520 1904 2553; x_wconf 86' lang='lat' dir='ltr'>in</span> 
     </span>
     <span class='ocr_line' id='line_1_39' title="bbox 410 2574 1906 2622; baseline -0.003 -11"><span class='ocrx_word' id='word_1_364' title='bbox 410 2578 631 2622; x_wconf 85' lang='lat' dir='ltr'>praecedente</span> <span class='ocrx_word' id='word_1_365' title='bbox 659 2583 748 2611; x_wconf 86' lang='lat' dir='ltr'>recte</span> <span class='ocrx_word' id='word_1_366' title='bbox 779 2577 977 2621; x_wconf 85' lang='lat' dir='ltr'>colligimus,</span> <span class='ocrx_word' id='word_1_367' title='bbox 1010 2577 1103 2611; x_wconf 90' lang='lat' dir='ltr'>locus</span> <span class='ocrx_word' id='word_1_368' title='bbox 1135 2578 1179 2611; x_wconf 87' lang='lat' dir='ltr'>ita</span> <span class='ocrx_word' id='word_1_369' title='bbox 1210 2577 1450 2621; x_wconf 89' lang='lat' dir='ltr'>intellegendus</span> <span class='ocrx_word' id='word_1_370' title='bbox 1480 2583 1539 2609; x_wconf 88' lang='lat' dir='ltr'>est.</span> <span class='ocrx_word' id='word_1_371' title='bbox 1584 2576 1717 2609; x_wconf 88' lang='lat' dir='ltr'>Librum</span> <span class='ocrx_word' id='word_1_372' title='bbox 1746 2574 1830 2614; x_wconf 82' lang='lat' dir='ltr'>VIII,</span> <span class='ocrx_word' id='word_1_373' title='bbox 1866 2574 1906 2607; x_wconf 85' lang='lat' dir='ltr'>ad</span> 
     </span>
     <span class='ocr_line' id='line_1_40' title="bbox 410 2629 1905 2676; baseline -0.003 -10"><span class='ocrx_word' id='word_1_374' title='bbox 410 2642 512 2676; x_wconf 84' lang='lat' dir='ltr'>quem</span> <span class='ocrx_word' id='word_1_375' title='bbox 529 2637 645 2665; x_wconf 88' lang='lat' dir='ltr'>auctor</span> <span class='ocrx_word' id='word_1_376' title='bbox 662 2637 830 2675; x_wconf 87' lang='lat' dir='ltr'>provocat,</span> <span class='ocrx_word' id='word_1_377' title='bbox 848 2632 882 2665; x_wconf 88' lang='lat' dir='ltr'>in</span> <span class='ocrx_word' id='word_1_378' title='bbox 898 2631 997 2665; x_wconf 87' lang='lat' dir='ltr'>libro:</span> <span class='ocrx_word' id='word_1_379' title='bbox 1015 2632 1079 2664; x_wconf 82' lang='lat' dir='ltr'>Die</span> <span class='ocrx_word' id='word_1_380' title='bbox 1096 2632 1325 2676; x_wconf 81' lang='lat' dir='ltr'>Apostolischen</span> <span class='ocrx_word' id='word_1_381' title='bbox 1344 2631 1597 2664; x_wconf 74' lang='lat' dir='ltr'>Konstitutionen</span> <span class='ocrx_word' id='word_1_382' title='bbox 1620 2629 1694 2672; x_wconf 88' lang='lat'>1891</span> <span class='ocrx_word' id='word_1_383' title='bbox 1719 2640 1748 2673; x_wconf 90' lang='lat' dir='ltr'>p.</span> <span class='ocrx_word' id='word_1_384' title='bbox 1766 2637 1905 2671; x_wconf 85' lang='lat'>90—92,</span> 
     </span>
     <span class='ocr_line' id='line_1_41' title="bbox 410 2683 1907 2730; baseline -0.003 -11"><span class='ocrx_word' id='word_1_385' title='bbox 410 2687 453 2720; x_wconf 86' lang='lat' dir='ltr'>de</span> <span class='ocrx_word' id='word_1_386' title='bbox 476 2687 584 2730; x_wconf 85' lang='lat' dir='ltr'>capite</span> <span class='ocrx_word' id='word_1_387' title='bbox 603 2684 680 2718; x_wconf 86' lang='lat' dir='ltr'>VIII</span> <span class='ocrx_word' id='word_1_388' title='bbox 696 2685 858 2719; x_wconf 86' lang='lat' dir='ltr'>versionis</span> <span class='ocrx_word' id='word_1_389' title='bbox 875 2685 1080 2718; x_wconf 87' lang='lat' dir='ltr'>Didascaliae</span> <span class='ocrx_word' id='word_1_390' title='bbox 1104 2686 1248 2730; x_wconf 83' lang='lat' dir='ltr'>syriacae</span> <span class='ocrx_word' id='word_1_391' title='bbox 1272 2686 1501 2729; x_wconf 86' lang='lat' dir='ltr'>interpretatus</span> <span class='ocrx_word' id='word_1_392' title='bbox 1526 2694 1608 2722; x_wconf 89' lang='lat' dir='ltr'>sum,</span> <span class='ocrx_word' id='word_1_393' title='bbox 1633 2683 1685 2716; x_wconf 86' lang='lat' dir='ltr'>ubi</span> <span class='ocrx_word' id='word_1_394' title='bbox 1702 2693 1813 2715; x_wconf 86' lang='lat' dir='ltr'>revera</span> <span class='ocrx_word' id='word_1_395' title='bbox 1830 2683 1907 2715; x_wconf 82' lang='lat' dir='ltr'>vitia</span> 
     </span>
     <span class='ocr_line' id='line_1_42' title="bbox 411 2736 1908 2780; baseline -0.003 -7"><span class='ocrx_word' id='word_1_396' title='bbox 411 2740 575 2774; x_wconf 88' lang='lat' dir='ltr'>eiusmodi</span> <span class='ocrx_word' id='word_1_397' title='bbox 599 2747 839 2772; x_wconf 82' lang='lat' dir='ltr'>enumerantur.</span> <span class='ocrx_word' id='word_1_398' title='bbox 886 2738 1069 2772; x_wconf 89' lang='lat' dir='ltr'>Didascalia</span> <span class='ocrx_word' id='word_1_399' title='bbox 1092 2744 1202 2772; x_wconf 87' lang='lat' dir='ltr'>autem</span> <span class='ocrx_word' id='word_1_400' title='bbox 1225 2739 1266 2772; x_wconf 90' lang='lat' dir='ltr'>de</span> <span class='ocrx_word' id='word_1_401' title='bbox 1290 2739 1414 2772; x_wconf 88' lang='lat' dir='ltr'>eisdem</span> <span class='ocrx_word' id='word_1_402' title='bbox 1439 2738 1526 2771; x_wconf 80' lang='lat' dir='ltr'>vitiis</span> <span class='ocrx_word' id='word_1_403' title='bbox 1550 2738 1647 2770; x_wconf 84' lang='lat' dir='ltr'>etiam</span> <span class='ocrx_word' id='word_1_404' title='bbox 1670 2737 1749 2769; x_wconf 87' lang='lat' dir='ltr'>alias</span> <span class='ocrx_word' id='word_1_405' title='bbox 1773 2736 1850 2780; x_wconf 80' lang='lat' dir='ltr'>agit,</span> <span class='ocrx_word' id='word_1_406' title='bbox 1875 2741 1908 2768; x_wconf 87' lang='lat' dir='ltr'>et</span> 
     </span>
     <span class='ocr_line' id='line_1_43' title="bbox 411 2791 1908 2837; baseline -0.003 -10"><span class='ocrx_word' id='word_1_407' title='bbox 411 2795 507 2827; x_wconf 88' lang='lat' dir='ltr'>valde</span> <span class='ocrx_word' id='word_1_408' title='bbox 530 2794 667 2827; x_wconf 87' lang='lat' dir='ltr'>dubium</span> <span class='ocrx_word' id='word_1_409' title='bbox 690 2799 750 2835; x_wconf 83' lang='lat' dir='ltr'>est,</span> <span class='ocrx_word' id='word_1_410' title='bbox 781 2804 863 2826; x_wconf 89' lang='lat' dir='ltr'>num</span> <span class='ocrx_word' id='word_1_411' title='bbox 891 2798 1004 2826; x_wconf 87' lang='lat' dir='ltr'>auctor</span> <span class='ocrx_word' id='word_1_412' title='bbox 1025 2793 1146 2837; x_wconf 88' lang='lat' dir='ltr'>Operis</span> <span class='ocrx_word' id='word_1_413' title='bbox 1175 2793 1425 2837; x_wconf 86' lang='lat' dir='ltr'>dispositionem</span> <span class='ocrx_word' id='word_1_414' title='bbox 1453 2792 1524 2824; x_wconf 89' lang='lat' dir='ltr'>libri</span> <span class='ocrx_word' id='word_1_415' title='bbox 1549 2792 1709 2835; x_wconf 82' lang='lat' dir='ltr'>syriacam</span> <span class='ocrx_word' id='word_1_416' title='bbox 1740 2791 1908 2834; x_wconf 77' lang='lat' dir='ltr'>cognitam</span> 
     </span>
    </p>
   </div>
  </div>
 </body>
</html>
