2457 3436
835 383 1096 413 Aposromnuu
1125 385 1191 419 vn,
1222 385 1273 424 19,
1298 386 1414 423 1—22,
1440 387 1468 417 1.
1815 376 1893 414 405

450 493 511 519 ur
550 480 914 530 remunerationem,
949 494 1032 521 non
1067 481 1302 522 miserentur
1336 481 1477 535 inopis,
1516 493 1597 521 non
1637 480 1811 522 laborant
1845 481 1894 523 de

452 549 548 595 cto,
580 557 672 585 non
703 552 952 598 cognoscunt
980 553 1196 587 creatorem
1227 559 1360 587 suum:
1397 547 1649 600 interfectores
1678 545 1892 596 liberorum,

452 607 686 650 abortione
730 617 1026 663 corrumpentes
1064 616 1276 651 creaturam
1315 609 1403 660 Dei,
1451 617 1670 651 aversantes
1708 624 1893 664 egenum,

450 673 673 716 timentes
692 674 974 725 calamitosum,
1004 674 1166 717 divitum
1186 673 1378 725 advocati,
1407 689 1619 729 pauperum
1645 682 1893 729 contempto—

450 770 460 788 ,
490 739 618 779 omni
647 753 696 779 ex
723 746 832 793 parte
861 747 1098 793 peccatores.
1145 739 1393 790 Liberemini‚
1422 738 1502 790 filii,
1533 739 1578 781 ab
1609 740 1667 781 bis
1695 740 1891 781 omnibus.
1938 750 1958 779 ῡ

494 802 620 844 XIX.
660 802 764 853 Vide,
797 818 842 844 ne
868 805 951 858 quis
977 812 1013 845 te
1036 805 1165 858 faciat
1193 804 1373 845 aberrare
1400 819 1422 845 a
1449 806 1608 859 pietate:
1648 804 1709 845 Ne
1736 804 1894 845 declines

452 881 514 918 m,
551 868 696 923 inquit,
729 867 779 909 ab
807 881 850 909 ea
879 868 933 909 ad
957 869 1149 910 dexteram
1176 868 1239 910 vel
1266 869 1319 910 ad
1342 870 1548 919 sinistram,
1583 877 1624 910 ut
1658 870 1697 910 in
1726 869 1895 910 omnibus

451 931 609 987 ellegas,
638 946 734 987 quae
743 934 910 987 feceri&
939 933 1002 975 ubi
1023 934 1127 975 euim
1149 948 1171 975 a
1189 935 1250 976 via
1270 940 1373 976 recta
1394 933 1610 984 deflexeris,
1640 936 1714 975 eris
1738 935 1892 988 impius.

501 997 601 1038 XX.
636 997 701 1038 De
728 997 822 1039 cibis
849 1012 945 1039 vero
973 998 1043 1040 tibi
1070 999 1122 1041 ait
1150 999 1365 1041 Dominus:
1400 999 1506 1040 Bona
1537 1007 1661 1040 terrae
1687 999 1891 1049 comedetis,

482 1060 652 1104 Omnem
681 1076 832 1104 carnem
852 1063 963 1104 edetis
989 1071 1031 1104 ut
1058 1063 1161 1105 olera
1181 1063 1327 1114 herbae,
1354 1066 1575 1118 sanguinem
1594 1078 1682 1105 vero
1707 1063 1894 1119 effundes;
1918 1071 1958 1103 ιο

451 1141 467 1168 ι
501 1127 628 1177 enim,
661 1141 757 1182 quae
790 1129 933 1168 intrant
968 1130 1007 1169 in
1036 1142 1087 1179 os,
1122 1130 1360 1184 coinquinant
1394 1129 1589 1179 bominem,
1622 1129 1688 1170 sed
1720 1142 1815 1184 quae
1848 1143 1895 1170 ex

451 1204 458 1230 ε
472 1191 698 1248 procedunt,
717 1191 980 1247 blasphemiae,
1010 1194 1182 1248 inquam,
1210 1193 1515 1236 obtrectationes
1536 1202 1574 1236 et
1593 1195 1624 1235 si
1645 1193 1738 1249 quid
1762 1194 1893 1235 huius-

452 1256 521 1298 1di.
571 1268 610 1298 2.
639 1257 705 1298 Tu
733 1271 829 1298 vero
849 1258 993 1299 comede
1021 1258 1225 1300 medullam
1254 1266 1378 1300 terrae
1405 1260 1444 1300 in
1474 1259 1629 1309 iustitia,
1657 1260 1832 1314 quoniam
1860 1261 1896 1299 si

452 1320 488 1362 id
513 1321 733 1376 pulchrum,
774 1324 853 1363 eius
886 1331 950 1373 est,
990 1332 1023 1364 et
1055 1325 1090 1364 si
1120 1323 1210 1379 quid
1248 1325 1396 1374 bonum,
1438 1324 1596 1365 eiusdem
1605 1338 1622 1373 ;
1651 1325 1892 1378 frumentum

452 1386 595 1428 muzus
627 1394 662 1427 et
693 1387 825 1427 vinum
859 1387 1054 1429 odoratum
1088 1387 1310 1442 virginibus.
1370 1388 1470 1441 Quis
1499 1390 1604 1430 enirn
1639 1388 1799 1429 comedet
1826 1396 1891 1429 aut
1918 1395 1957 1426 15

453 1451 483 1493 r‘s
507 1450 604 1492 bibet
626 1453 708 1492 sine
734 1452 838 1506 ipso?

507 1516 617 1557 xxl.
646 1516 772 1557 Porro
801 1515 848 1558 ab
876 1517 1105 1573 idolothytis
1132 1517 1341 1569 abstinete3
1370 1519 1410 1559 in
1440 1518 1635 1560 honorem
1667 1519 1771 1559 enim
1803 1517 1891 1558 dae·

453 1593 570 1623 onum
600 1581 812 1622 immolant
832 1595 889 1632 ea,
922 1581 970 1623 ad
995 1582 1272 1624 contumeliam
1301 1582 1446 1624 scilicet
1471 1582 1592 1624 solius
1612 1583 1707 1632 Dei;
1741 1596 1786 1623 ne
1815 1582 1891 1636 effi-

452 1647 557 1687 mini
576 1647 778 1700 participes
806 1646 1040 1688 daemonum.

509 1710 634 1752 XXII.
656 1711 720 1752 De
739 1710 934 1765 baptismo
953 1719 1100 1762 autern,
1119 1713 1303 1767 episcope
1320 1719 1384 1753 aut
1404 1711 1617 1766 presbyter,
1636 1713 1712 1752 iam
1729 1711 1887 1766 quidem
1913 1719 1957 1750 20

452 1828 549 1860 ιπαμ.
570 1819 618 1852 rel
640 1816 812 1853 ιπᾰντων
834 1830 854 1862 p
877 1830 897 1851 v
924 1823 927 1861 Ι
954 1822 973 1853 7
997 1818 1174 1860 ἐκκλίνεις
1195 1820 1217 1853 h
1241 1831 1261 1864 p
1290 1822 1295 1862 Ι
1323 1817 1490 1861 εὐώνυμα
1514 1831 1521 1853 :
1546 1817 1717 1862 ἀριστερὰ
1741 1820 1762 1852 d
1786 1829 1804 1852 e
1828 1831 1848 1864 p
1872 1831 1892 1851 v

452 1865 1888 1917 xx1805hv,0132d:m¹›bpfld'v:edvab,÷u1)al35w>pv3

453 1925 549 1968 [κρέα
572 1937 593 1971 p
617 1938 639 1959 v
668 1931 676 1965 Ι
709 1923 741 1960 0²
762 1926 783 1959 d
813 1926 821 1971 Ι
853 1930 892 1960 13
920 1923 1009 1961 α’λλὰ
1040 1924 1082 1961 τὰ
1106 1926 1228 1971 ἐκπορ.
1253 1940 1261 1961 :
1291 1928 1343 1967 εἰς
1366 1929 1505 1962 κοιλίαι·
1529 1926 1597 1969 γὰρ
1617 1933 1734 1971 χωρεῖ
1754 1929 1815 1961 καὶ
1840 1928 1894 1966 εἰς’

453 1982 588 2023 nlo-‘va
612 1978 845 2024 ἐκβάλλεται,
874 1978 917 2015 τὰ
940 1981 979 2016 δὲ
1003 1978 1274 2025 ἐκπορευόμενα
1304 1987 1426 2017 κοινοῖ
1445 1980 1508 2015 τὸν
1531 1978 1727 2025 ἄνθρωπον
1749 1982 1770 2015 d
1792 1992 1811 2015 e
1835 1983 1857 2015 h
1884 1985 1887 2003 ³

453 2033 602 2069 ἱποιοῦτο
625 2034 648 2067 d
668 2045 690 2069 e
720 2037 727 2075 Ι
761 2039 799 2069 16
823 2040 924 2069 σῖτον
945 2045 964 2069 e
994 2036 1000 2078 Ι
1033 2039 1071 2069 17
1095 2033 1207 2070 αὐτοῦ
1233 2039 1269 2076 -Ι-
1295 2041 1464 2079 παραιι·εῖ
1491 2036 1529 2069 δέ
1554 2048 1610 2070 σοι
1643 2038 1704 2070 καὶ
1733 2032 1754 2070 o‘
1778 2034 1892 2078 σοφὸς

453 2089 535 2130 ’δρας
554 2088 690 2132 λέγων·
725 2086 940 2132 Πορεύεσθε
972 2091 1034 2123 καὶ
1058 2087 1194 2133 φάγετε
1218 2087 1423 2131 λιπάσματα
1447 2092 1508 2124 καὶ
1531 2091 1632 2125 nien
1657 2088 1890 2133 γλυκᾰσματα

453 2140 520 2186 ’ἱμὴ
533 2145 713 2177 λυπεῖσθε
730 2153 750 2176 a
766 2153 806 2176 ex
823 2142 851 2176 11
868 2142 958 2177 Esdr.
976 2144 1007 2184 8,
1029 2153 1068 2177 10
1087 2147 1091 2185 Ι
1114 2148 1154 2178 18
1170 2142 1303 2187 φύγετε
1323 2145 1343 2177 h
1365 2170 1368 2176 .
1393 2149 1430 2178 19
1448 2147 1556 2179 ταῦτα
1574 2157 1582 2178 z
1601 2143 1690 2179 αὐτὰ
1709 2145 1729 2178 d
1745 2156 1763 2178 e
1781 2155 1800 2188 p
1818 2156 1837 2177 v

453 2237 527 2274 ux.
550 2235 629 2275 “Ota
657 2238 708 2283 μὴ
738 2238 808 2284 χρὴ
835 2244 899 2284 τῆς
922 2239 1113 2285 εὐσεβείας
1225 2251 1316 2275 1-2.
1341 2241 1393 2276 Cs.
1418 2242 1559 2286 Ps.-Ign.
1583 2243 1658 2276 Her.
1687 2252 1713 2281 1,
1737 2252 1767 2275 2.

453 2296 573 2329 :Mrem
589 2293 691 2335 δεξιὰ
706 2292 727 2337 ἢ
740 2291 926 2337 εὐώνυμα·
944 2301 1116 2337 παραινεῖ

453 2345 731 2392 φόνομοθὲτης.
771 2347 875 2387 Quod
894 2359 963 2383 non
980 2355 1111 2392 oportet
1220 2350 1308 2383 XXI.
1332 2345 1407 2384 Ὅτι
1436 2347 1502 2392 χρὴ
1538 2347 1689 2393 φεύγειν
1722 2347 1785 2392 τὴν
1819 2352 1891 2383 τῶν

453 2404 555 2438 vittate
578 2403 745 2437 declinare
767 2404 974 2436 dextrorsum
998 2402 1050 2436 vel
1067 2404 1109 2436 si·
1179 2402 1432 2439 εἰδωλοθύτων
1446 2407 1595 2446 βρῶσιν.
1620 2403 1723 2441 Quod
1738 2410 1890 2446 oporteat

453 2464 609 2499 trorsum;
632 2457 790 2491 admonet
813 2457 902 2491 enim
925 2457 989 2490 hoc
1011 2456 1111 2500 legis·
1176 2458 1338 2491 abstinere
1362 2459 1402 2491 ab
1426 2468 1482 2491 esu
1507 2457 1777 2502 idolothytorum.

454 2522 488 2545 n.

454 2565 510 2599 ίΧ.
532 2561 609 2600 ’Ότι
633 2563 684 2608 μῆ
705 2563 775 2609 χρὴ
799 2566 986 2608 φαυλίζειν
1008 2577 1039 2599 τι
1063 2566 1111 2608 (τι
1223 2565 1325 2599 xxn.
1356 2563 1522 2605 Διάταξις
1550 2563 1702 2608 κυριακὴ
1731 2566 1786 2607 (ἦ-
1819 2569 1891 2599 τῶν

455 2629 475 2653 e
493 2621 530 2662 v)
553 2623 627 2654 τῶν
649 2617 873 2662 προσφόρων
894 2617 1112 2663 βρωμάτων,
1179 2620 1247 2663 [>
1265 2620 1300 2664 p]
1324 2617 1463 2662 περὶτὰ
1481 2617 1667 2662 βάπτισμα
1692 2621 1752 2653 καὶ
1776 2630 1794 2652 e
1817 2631 1837 2662 p
1853 2621 1890 2663 v)

455 2670 469 2707 .’
491 2672 713 2717 εὐχαρίστως
733 2670 1029 2717 μεταλαμβάνειν
1050 2676 1112 2708 καὶ
1178 2669 1276 2713 ὅπως
1288 2672 1356 2717 χρὴ
1372 2676 1562 2716 βαπτίζειν
1577 2675 1638 2707 καὶ
1656 2673 1709 2713 εἰς
1717 2672 1779 2707 τὸν
1795 2676 1890 2713 τίνος

458 2728 632 2771 αγμένος.
671 2727 775 2766 Quod
790 2737 859 2761 non
875 2733 1026 2771 oporteat
1049 2728 1110 2761 im·
1180 2725 1348 2762 θάνατον.
1394 2727 1593 2761 Constitutio
1624 2728 1797 2761 Dominica
1832 2729 1889 2771 (de

457 2782 530 2816 bare
543 2782 653 2816 cibum
670 2782 772 2815 ullum
790 2781 864 2815 usui
879 2781 1110 2815 accommoda·
1177 2782 1234 2823 eis,
1259 2792 1342 2826 quae
1365 2782 1404 2814 ad
1428 2782 1625 2826 baptismum
1644 2783 1816 2826 pertinent,
1839 2783 1889 2825 et)

455 2847 475 2876 ι,
507 2837 563 2870 sed
599 2847 674 2869 cum
709 2836 891 2879 gratiarum
919 2835 1049 2868 actione
1078 2842 1109 2868 et
1177 2836 1346 2879 quomodo
1362 2842 1512 2879 oporteat
1530 2837 1692 2879 baptizare
1705 2837 1782 2869 etin
1796 2836 1888 2869 cuius

458 2890 540 2924 inane
563 2900 705 2924 sumere.
1175 2896 1330 2923 mortem.
