2457 3436
914 272 1134 303 nmAsmLu
1163 272 1436 302 mosa-omnum.
1896 263 1920 300 5

425 368 637 419 ἐπιτελεῖν,
671 367 740 410 ἵνα
771 370 843 421 μία
874 384 936 417 τις
963 369 1128 423 γένηται
1157 370 1370 421 συμφωνία
1406 369 1474 410 καὶ
1504 370 1576 421 μία
1610 365 1817 422 ὁμολογία,
1849 371 1920 420 μία

427 433 547 487 ἑορτὴ
573 433 877 489 ἐπιτελουμένη.
924 433 989 476 διὸ
1017 434 1187 475 ἐκείνων
1213 431 1239 487 ἡ
1266 433 1470 487 ἐπιμέλεια
1496 433 1574 476 τὸν
1599 439 1705 476 νοῦν
1732 438 1823 475 τῶν
1851 431 1919 475 α’ν-

427 497 619 551 θρώπων
644 499 876 552 συνάγουσα
904 499 960 548 εἰς
987 497 1136 540 ἕνωσιν
1163 502 1236 551 τῆς
1263 499 1488 553 ἐκκλησίας,
1516 498 1572 552 μὴ
1594 500 1818 552 δυνηθεῖσα
1842 498 1920 540 τὸν

427 568 633 606 τοσοῦτον
648 562 804 616 χρόνον
821 564 1148 617 ἐπιτελεσθῆναι,
1168 559 1377 617 ιη’-δοκήσει
1395 568 1501 605 θεοῦ
1513 563 1581 605 ἐπὶ
1598 565 1919 604 Κωνσταντίνου

427 628 585 683 ἐγένετο
614 626 809 681 ὁμονοίας
836 627 968 670 ἕνεκα.
1021 628 1135 680 παρὰ
1168 637 1258 677 τοῖς
1286 624 1534 677 ἀποστόλοις
1561 629 1605 670 δὲ
1631 628 1682 670 τὸ
1711 627 1838 682 ῥητὸν
1867 626 1920 669 δι’

428 691 630 746 ὁμόνοιαν
670 694 893 746 ἐμφέρεται,
933 691 992 742 ὡς
1031 693 1352 746 ἐπιμαρτυροῦσι
1394 694 1593 746 λέγοντες,
1635 690 1699 735 ὅτι
1739 691 1831 734 κᾶν
1869 708 1918 733 τε

427 761 734 812 πλανηθῶσι,
762 759 908 812 μηδὲν
937 756 1053 812 ὑμῖν
1079 759 1277 811 μελέτω.
1327 770 1363 811 5,
1392 758 1436 809 ἐξ
1463 757 1606 800 αὐτῶν
1625 759 1668 799 δὲ
1687 762 1775 800 τῶν
1793 758 1917 800 ἐκεῖσε

428 824 650 877 εἰρημένων
660 822 801 877 ῥητῶν
815 820 841 878 ἡ
855 822 1066 872 α’ντίθεσις
1081 821 1322 877 ὀφθήσεται.
1351 823 1554 875 φάσκουσι
1574 823 1651 877 γὰρ
1671 822 1758 876 τὴν
1778 821 1919 875 ἄγρυ-

427 890 572 930 πνίαν
591 889 757 941 φέρειν
773 887 1089 941 μεσαζόντων
1107 893 1209 930 τῶν
1229 886 1439 940 α’ζύμων.
1470 884 1520 929 οὖ
1539 887 1709 929 δύναται
1729 888 1771 929 δὲ
1790 890 1918 929 τοῦτο

427 952 605 995 πάντοτε
632 954 823 1006 γενέσθω
850 953 896 994 ἐν
922 958 975 1005 τῇ
1001 952 1129 1006 ψήφῳ
1155 958 1208 1006 τῇ
1235 953 1558 1007 ἐκκλησιαστικῇ.
1613 955 1635 993 6
1667 952 1723 1007 (c.
1761 952 1843 1007 11).
1872 953 1918 993 ἐκ

428 1022 555 1071 τριῶν
583 1017 661 1071 γὰρ
687 1018 931 1072 συνέστηκεν
958 1016 981 1058 ὁ
1002 1021 1080 1059 τοῦ
1096 1018 1232 1070 πάσχα
1256 1016 1490 1071 σύνδεσμος,
1519 1017 1565 1059 ἔκ
1583 1033 1628 1060 τε
1646 1022 1725 1059 τοῦ
1744 1014 1918 1070 ἡλιακοῦ

429 1082 582 1135 δρόμου
608 1082 675 1123 διὰ
700 1081 778 1134 τὴν
805 1081 1004 1136 κυριακὴν
1038 1085 1106 1123 καὶ
1139 1082 1216 1123 τὸν
1247 1086 1368 1137 μῆνα,
1402 1082 1449 1124 ἔκ
1481 1098 1526 1124 τε
1560 1088 1638 1124 τοῦ
1674 1085 1919 1136 σεληνιακοῦ

428 1147 584 1200 δρόμου
610 1147 677 1188 διὰ
704 1146 756 1189 τὸ
783 1146 889 1189 κατὰ
916 1145 996 1188 τὸν
1024 1146 1166 1199 νόμον,
1204 1144 1319 1195 ὅπως
1353 1148 1398 1189 ἐν
1426 1153 1479 1200 τῇ
1506 1148 1919 1200 τεσσαρεσκαιδεκάτῃ

427 1218 496 1267 τῆς
523 1212 697 1266 σελήνης
722 1216 834 1265 τυθῇ
851 1211 903 1254 τὸ
922 1212 1067 1265 πάσχα,
1097 1209 1154 1261 ῶς
1173 1210 1285 1254 εἶπεν
1304 1209 1327 1253 ὃ
1347 1211 1485 1265 νόμος.
1534 1209 1629 1254 οὔτε
1651 1205 1728 1254 οὖν
1747 1212 1918 1254 δύναται

427 1273 616 1331 ἀχθῆναι,
648 1277 722 1318 ἐὰν
747 1276 802 1331 μὴ
829 1275 988 1329 ὑπερβῇ
1017 1278 1210 1331 ῖσημερία,
1247 1276 1347 1329 ὅπερ
1380 1276 1492 1330 παρὰ
1520 1287 1608 1326 τοῖς
1632 1275 1840 1325 Ἰουδαίοις
1868 1273 1920 1318 οὗ

425 1340 685 1392 φυλάσσεται,
714 1339 809 1384 οὔτε
828 1341 977 1396 α’κριβῆ
995 1343 1165 1384 θέλουσι
1183 1343 1381 1396 τοιαύτην
1401 1343 1600 1385 ἐπιτελεῖν
1618 1344 1915 1396 πραγματείαν·

426 1407 581 1448 διέπεσε
608 1406 686 1460 γὰρ
711 1403 805 1461 παρ’
837 1407 978 1456 αύτοτς
1003 1410 1070 1449 καὶ
1090 1406 1295 1462 ἠπάτηται
1313 1407 1366 1449 τὰ
1384 1407 1533 1449 πάντα.
1582 1421 1619 1461 7.
1647 1407 1758 1460 πλὴν
1786 1408 1821 1448 εἰ
1849 1409 1917 1448 καὶ

423 1470 629 1525 τοσαύτης
644 1471 849 1525 ζητήσεως
867 1470 1038 1525 ὑπάρχει
1057 1468 1270 1526 ἡτοιαύτη
1290 1469 1485 1526 ἀκρίβεια,
1506 1470 1557 1514 ου’
1576 1471 1642 1514 διὰ
1659 1472 1738 1525 τὴν
1752 1470 1917 1525 ζήτησιν

422 1535 583 1590 ταύτην
609 1538 677 1577 καὶ
706 1536 783 1590 τὴν
810 1536 1018 1589 άκρίβειαν
1045 1544 1133 1585 τοῖς
1152 1535 1401 1586 α’ποστόλοις
1429 1538 1595 1592 εἴρηται,
1624 1533 1728 1578 ἀλλὰ
1752 1533 1799 1577 δι’
1823 1534 1917 1589 ὁμό-

423 1614 545 1642 νοιαν
572 1602 642 1642 καὶ
667 1600 770 1654 μετὰ
798 1605 886 1643 τῶν
905 1601 1070 1654 ἐχθρῶν
1097 1607 1176 1643 τοῦ
1195 1605 1379 1654 Χριστοῦ
1405 1603 1602 1644 ἐπιτελεῖν
1632 1602 1670 1643 οἱ
1689 1598 1917 1643 ἀπόστολοι

422 1666 691 1718 προσέταξαν,
713 1662 770 1714 ὥς
790 1660 906 1708 οὗτοι
925 1667 1250 1719 όιῖσχυρίςονται,
1269 1666 1389 1720 πόσῳ
1407 1683 1453 1720 γε
1469 1670 1625 1720 μᾶλλον
1644 1666 1698 1708 δι’
1717 1663 1917 1719 ὁμόνοιαν

420 1729 525 1782 μετὰ
549 1735 626 1783 τῆς
644 1729 857 1785 ἐκκλησίας
873 1729 950 1784 χρὴ
967 1730 1180 1782 ἐπιτελεῖν,
1210 1731 1277 1772 ἵνα
1294 1731 1349 1786 μὴ
1365 1732 1444 1786 τὴν
1463 1730 1660 1785 ὁμόνοιαν
1677 1732 1917 1784 χαράξωμεν

423 1798 495 1849 τῆς
522 1794 737 1849 ἐκκλησίας
744 1811 759 1844 ,·
788 1796 825 1837 8.
848 1800 938 1844 πῶς
958 1790 1036 1838 οὖν
1055 1796 1226 1838 δύναται
1245 1801 1451 1838 τελεῖσθαι
1471 1800 1599 1839 τοῦτο
1605 1813 1621 1846 ,·
1649 1798 1810 1849 λέγουσι
1837 1795 1917 1848 γὰρ

422 1859 462 1901 οἱ
496 1858 618 1902 αὐτοὶ
657 1858 896 1910 α’πόστολοι,
938 1857 1016 1910 ὅτι,
1059 1857 1181 1903 ὅταν
1220 1861 1401 1903 ἐκεῖνοι
1442 1860 1746 1913 εὐωχῶνται,
1783 1858 1917 1913 ὑμεῖς

422 1924 750 1979 νηστεύοντες
777 1923 897 1979 ὑπὲρ
924 1921 1090 1967 αὐτῶν
1117 1931 1372 1977 πενθεῖτε,
1402 1923 1479 1968 ὅτι
1509 1926 1560 1968 ἐν
1584 1930 1639 1979 τῇ
1664 1924 1815 1981 ἡμέρᾳ
1841 1929 1917 1979 τῆς

422 1990 597 2044 ἑορτῆς
622 1989 711 2032 τὸν
740 1989 960 2043 Χριστὸν
993 1990 1327 2044 ἐσταύρωσαν,
1362 1993 1442 2034 καὶ
1477 1990 1596 2034 ὅταν
1631 1990 1771 2033 αὐτοὶ
1805 2006 1917 2033 πεν-

421 2058 554 2096 θῶσι
580 2054 639 2097 τὰ
669 2053 823 2108 ἄζυμα
841 2055 1101 2105 ἐσθίοντες
1128 2056 1179 2097 ἐν
1204 2058 1451 2109 πικρίσιν,
1480 2053 1612 2110 ὑμεῖς
1637 2054 1914 2109 εὐωχεῖσθε.

421 2131 460 2171 9.
490 2121 700 2172 συμβαίνει
728 2121 770 2161 δὲ
799 2115 951 2169 αὐτοὺς
979 2121 1023 2161 ἐν
1040 2125 1214 2173 κυριακῇ
1241 2118 1366 2176 ἡμέρᾳ
1395 2120 1524 2174 ἄζυμα
1552 2121 1783 2174 λαμβάνειν.
1831 2121 1915 2161 ἐπι-

419 2183 670 2239 φωσκούσης
695 2183 773 2237 γὰρ
799 2189 873 2239 τῆς
892 2189 1087 2239 κυριακῆς
1115 2184 1284 2238 ἑσπέρας
1312 2186 1509 2228 δύνανται
1537 2185 1658 2228 θύειν
1684 2186 1734 2227 τὸ
1765 2185 1914 2238 πάσχα.

417 2248 523 2301 μετὰ
547 2248 625 2302 γὰρ
652 2248 827 2303 ἑσπέραν
853 2249 1142 2303 παρελθόντος
1169 2255 1246 2293 τοῦ
1274 2250 1480 2301 σαββάτου
1509 2248 1560 2293 οὐ
1579 2250 1775 2292 δύνανται
1794 2250 1916 2302 ἔργον

417 2314 632 2356 ἐπιτελεῖν.
679 2307 759 2368 ἆρα
785 2314 866 2368 γὰρ
894 2314 1040 2357 αύτῶν
1066 2315 1304 2366 θυσάντων,
1333 2316 1368 2357 εἰ
1386 2316 1609 2369 ἐγείρονται
1627 2311 1916 2368 εὐωχούμενοι,

418 2381 512 2426 πῶς
540 2375 650 2431 ἡμεῖς
677 2379 723 2420 ἐν
749 2385 926 2433 κυριακῇ
943 2379 1205 2434 πενθήσομεν
1224 2383 1291 2422 καὶ
1313 2380 1598 2435 νηστεύσομεν,
1627 2374 1752 2428 αὖθις
1771 2378 1915 2421 αύτιῦν

419 2442 649 2492 α’κούοντες
677 2444 723 2485 ἐν
750 2448 800 2496 τῇ
818 2445 1060 2496 Διατάξει,
1091 2440 1156 2487 ὅτι
1186 2443 1209 2487 ὁ
1237 2451 1408 2487 κακῶν
1436 2444 1611 2487 ἑαυτοῦ
1638 2445 1729 2498 τὴν
1756 2445 1916 2497 ψυχὴν

417 2508 472 2550 ἐν
511 2512 720 2562 κυριακῇ
757 2508 1125 2561 ἐπικατάρατός
1161 2510 1267 2552 ἐστι
1307 2516 1376 2564 τῷ
1408 2514 1529 2563 θεῷ,·
1591 2523 1649 2551 10.
1691 2512 1759 2551 καὶ
1797 2508 1915 2562 ὁρᾶς,

417 2572 529 2627 πόση
562 2573 672 2615 ἐστὶν
706 2572 890 2626 α’κρίβεια
924 2577 991 2616 καὶ
1024 2574 1247 2625 άντίθεσις,
1283 2574 1337 2628 μὴ
1372 2576 1595 2629 δυναμένης
1627 2580 1703 2628 τῆς
1733 2589 1916 2628 πραγμα-

417 2641 530 2687 τείας
547 2638 654 2681 κατὰ
671 2638 722 2681 τὸ
741 2638 871 2693 ῥητὸν
889 2639 1163 2685 ἐπιτελεῖσθαι
1169 2656 1184 2689 ,·
1203 2640 1376 2693 νοήματι
1394 2641 1439 2681 δὲ
1459 2644 1567 2682 πᾶσα
1583 2640 1679 2693 ἔστη
1698 2638 1723 2693 ἡ
1741 2635 1915 2694 ἀλήθεια

417 2707 495 2744 τοῦ
523 2703 794 2757 κηρύγματος,
823 2706 891 2746 καὶ
918 2701 992 2746 ἀπ’
1010 2703 1138 2759 αύτῆς
1156 2708 1230 2758 τῆς
1248 2707 1280 2745 Δ
1287 2705 1399 2747 ιατά
1406 2711 1522 2755 §cmg
1539 2711 1629 2747 τῶν
1649 2701 1915 2755 ἀποστόλων,

418 2765 483 2810 ὅτι
512 2765 561 2812 δι’
594 2765 795 2821 ὁμόνοιαν
822 2766 879 2818 ὡς
907 2775 1106 2824 συνῆκται
1140 2776 1219 2811 τοῦ
1253 2770 1379 2823 λόγου
1409 2767 1432 2811 ὁ
1460 2770 1693 2823 σύνδεσμος,
1732 2769 1802 2811 ἐὰν
1830 2770 1916 2810 ἐπι·
