2457 3436
704 383 972 414 arosrommm
1001 385 1064 420 vu,
1092 385 1145 423 36,
1168 386 1284 423 7-37,
1308 386 1338 416 4.
1687 374 1765 413 437

453 487 562 522 atum
592 480 723 522 solum
753 480 837 522 sine
865 480 964 530 viro,
994 486 1126 522 sancte
1146 480 1185 520 in
1206 480 1282 522 vita
1299 487 1509 530 versatum,
1539 479 1765 522 crucifixum

452 545 528 587 :tio
565 544 693 586 Pilato
734 559 778 586 ac
818 552 1019 587 mortuum
1063 553 1101 586 et
1138 559 1160 586 a
1196 545 1363 586 mortuis
1405 546 1626 596 excitatum,
1668 546 1768 587 sicut

452 624 474 650 a
494 609 578 651 dies
595 609 678 659 tibi,
698 609 885 660 Domine,
913 610 1121 664 gratiarum
1142 611 1337 651 actionem
1364 624 1437 664 pro
1455 610 1605 651 cunctis
1625 609 1766 651 offerre

481 687 519 727 7.
549 674 657 716 Haec
685 676 830 729 quippe
858 682 917 716 est
935 676 1055 729 gratia
1074 689 1095 716 a
1113 682 1153 716 te
1174 674 1352 725 exhibita,
1382 689 1480 730 quae
1499 674 1766 728 magnitudine

452 753 497 781 ne
525 739 757 781 beneficium
789 739 948 782 obtexit.

452 803 593 845 :XVIL
623 804 704 854 Qui
734 805 925 859 promissa
954 818 1022 859 per
1040 805 1250 859 prophetas
1276 803 1483 859 implevisti
1505 811 1543 845 et
1563 805 1766 845 miseratus

488 876 526 910 et
559 869 860 924 Hierosolymae
895 870 1076 911 misertus
1114 884 1155 910 es
1194 868 1419 911 extollendo
1459 868 1599 910 solium
1638 868 1765 910 David

452 934 471 975 xi
499 934 538 975 in
569 933 703 975 medio
733 935 816 975 eius
846 948 915 989 per
934 934 1174 976 nativitatem
1194 934 1352 982 Christi,
1381 934 1447 989 qui
1473 948 1518 974 ex
1533 948 1668 988 genere
1690 934 1767 975 eius

452 1012 477 1039 n
504 1011 655 1039 carnem
685 1006 797 1040 natus
826 1007 884 1040 est
920 1013 967 1041 ex
996 999 1079 1040 sola
1107 999 1269 1053 virgine.
1326 999 1403 1049 Tu,
1440 999 1616 1040 Domine
1645 998 1765 1048 Deus,

452 1076 570 1118 ioque
598 1064 752 1118 suscipe
781 1078 916 1118 preces
944 1063 1051 1105 labiis
1080 1064 1247 1118 prolatas
1282 1063 1416 1119 populi
1451 1064 1506 1105 tui
1536 1064 1765 1117 congregati

452 1127 549 1178 ibus,
583 1141 679 1183 quae
712 1136 747 1169 te
774 1130 813 1169 in
840 1131 999 1170 veritate
1026 1130 1213 1179 invocant,
1247 1130 1346 1170 sicut
1374 1129 1575 1183 suscepisti
1604 1127 1765 1169 munera

453 1207 470 1233 a
504 1194 543 1234 in
578 1207 720 1243 eorum
753 1193 926 1235 saeculis.
985 1205 1021 1235 2.
1057 1193 1292 1235 Sacrificium
1334 1193 1431 1235 Abel
1465 1194 1503 1234 in
1539 1194 1673 1247 primis
1707 1206 1766 1235 re·

467 1272 511 1299 ac
538 1259 740 1313 suscepisti
768 1257 1013 1309 sacrificium,
1047 1259 1139 1299 Noe
1174 1273 1221 1299 ex
1256 1272 1342 1300 arca
1377 1259 1534 1312 egressi,
1570 1257 1764 1299 Abraham

452 1336 483 1362 m
519 1323 612 1364 exiit
646 1336 693 1364 ex
723 1330 823 1364 terra
856 1322 1157 1374 Chaldaeorum,
1193 1323 1295 1365 Isaac
1320 1324 1359 1364 iu
1391 1330 1510 1377 puteo
1544 1324 1764 1373 iuramenti,

452 1402 462 1427 1
490 1387 735 1437 Bethlehem,
764 1388 889 1429 Mosis
917 1389 956 1429 in
985 1387 1208 1438 solitudine,
1237 1389 1371 1429 Aaron
1400 1389 1500 1429 inter
1521 1388 1695 1429 viventes
1721 1401 1764 1429 ac

452 1466 470 1502 ι,
502 1451 591 1493 Iesu
626 1452 735 1493 Nave
769 1453 809 1494 in
846 1451 1028 1505 Galgalis,
1069 1452 1236 1494 Gedeon
1272 1453 1312 1494 in
1349 1460 1455 1507 petra
1490 1460 1529 1494 et
1562 1451 1765 1493 velleribus

452 1524 611 1567 zatum,
646 1517 790 1558 Manoe
826 1524 864 1558 et
892 1517 1024 1558 uxoris
1053 1518 1134 1558 eius
1168 1518 1209 1558 in
1244 1532 1398 1572 campo,
1434 1517 1603 1558 Samson
1632 1517 1672 1558 in
1701 1518 1764 1558 siti

452 1581 594 1632 lictum,
623 1581 759 1636 Iephte
788 1582 825 1623 in
856 1581 958 1623 bello
987 1589 1077 1623 ante
1096 1582 1422 1624 inconsideratam
1445 1582 1764 1636 promissionem,

453 1654 470 1688 t
502 1646 711 1688 Debborae
745 1648 784 1688 in
813 1646 953 1696 Sisara,
989 1646 1179 1689 Samuelis
1214 1648 1253 1688 in
1281 1647 1460 1701 Maspha;
1508 1659 1540 1699 3.
1569 1645 1696 1687 David
1725 1647 1764 1686 in

453 1724 527 1752 nae
555 1711 744 1762 Iebusaei,
772 1711 998 1753 Salomonis
1027 1712 1066 1752 in
1088 1711 1251 1753 Gabaon
1283 1719 1321 1753 et
1350 1712 1389 1752 in
1410 1711 1632 1760 Ierusalem,
1662 1710 1765 1751 Eliae

452 1790 472 1817 e
492 1775 664 1827 Carmel,
684 1775 820 1817 Elisaei
840 1776 879 1817 in
900 1775 1010 1817 fonte
1029 1776 1160 1827 sterili,
1180 1776 1360 1831 Iosaphat
1380 1777 1421 1817 in
1441 1775 1557 1826 bello,
1579 1775 1765 1817 Ezechiae

452 1854 475 1882 ο
501 1849 540 1883 et
567 1841 607 1881 in
629 1840 877 1891 senacherib,
903 1841 1082 1883 Manasse
1102 1842 1141 1882 in
1160 1849 1261 1883 terra
1282 1841 1567 1883 Chaldaeorum
1590 1848 1679 1894 post
1699 1839 1764 1881 de—

452 1905 566 1947 {osiae
586 1906 627 1947 in
648 1905 803 1955 Phassa‚
823 1904 964 1947 Esdrae
985 1907 1024 1947 in
1046 1905 1189 1954 reditu;
1209 1921 1247 1959 4.
1269 1906 1407 1947 Daniel
1427 1907 1466 1947 in
1487 1905 1570 1947 lacu
1589 1905 1764 1955 leonum,

452 2010 539 2055 όρρα
563 2014 584 2047 d
616 2014 622 2054 Ι
652 2016 696 2047 23
718 2025 917 2059 μασσηιφαι
941 2025 970 2053 a,
1004 2012 1168 2056 μασσιφὰ
1197 2014 1228 2053 d,
1261 2012 1411 2056 μασηφά
1441 2025 1460 2047 e
1483 2014 1515 2053 h,
1547 2011 1689 2055 μασιφά
1713 2025 1732 2046 ν
1758 2015 1763 2054 Ι

452 2066 1151 2111 ρνῶνν124γαβαώἀεὴν1ἐν>
1178 2068 1240 2100 dv
1266 2071 1272 2108 Ι
1298 2072 1338 2102 25
1364 2068 1665 2113 1153>evl26
1689 2066 1764 2109 ἐζε-

453 2122 665 2164 τειπχηρεὶμ
688 2131 716 2162 a,
740 2123 923 2164 σεναχιρὶν
938 2133 958 2153 ν
977 2124 983 2163 Ι
1002 2125 1045 2156 27
1062 2121 1189 2156 ἰωσίαν
1205 2123 1225 2154 h
1244 2125 1249 2162 Ι
1271 2120 1396 2163 σαφφά
1414 2122 1434 2154 d
1451 2133 1479 2161 e,
1501 2123 1521 2156 i.
1538 2133 1581 2157 m.
1597 2122 1617 2154 d
1642 2118 1765 2163 φάσσα

452 2240 484 2274 ἔκ
501 2243 647 2283 Μαρίας
662 2241 750 2284 κτλ]
765 2241 817 2275 Cf.
835 2252 863 2275 c.
885 2251 934 2285 37,
953 2252 963 2274 1
979 2254 987 2282 ;
1054 2241 1194 2275 videntia
1225 2253 1281 2286 per
1304 2241 1471 2275 Christum
1503 2242 1622 2274 sanctis
1646 2241 1765 2275 collata

452 2304 483 2335 >3
503 2304 553 2334 12,
575 2304 630 2337 32;
652 2295 792 2339 Ps.-lgn.
808 2295 919 2339 Magn.
941 2305 988 2335 11,
1055 2302 1138 2329 sunt.

452 2360 473 2392 g.
490 2349 617 2382 Contra
636 2349 724 2383 Cels.
739 2349 779 2390 11,
796 2349 854 2392 69;
870 2349 987 2384 Adam.
1102 2359 1127 2383 1.
1146 2349 1239 2384 ἐπικ.
1255 2362 1296 2384 σε
1317 2349 1355 2384 ἐν
1370 2347 1539 2395 ἀληθείᾳ]
1558 2349 1610 2383 Cf.
1626 2349 1639 2381 1
1658 2349 1764 2382 Clem.

452 2409 533 2436 ·ecta
556 2404 589 2436 in
611 2402 721 2436 Deum
742 2402 806 2436 fide
829 2410 909 2436 sect.
932 2403 988 2443 lv,
1053 2402 1106 2443 60,
1129 2412 1160 2443 4.

452 2468 473 2490 ³.
502 2457 554 2491 ed.
586 2457 638 2490 De
666 2456 696 2490 la
720 2457 789 2490 Rue
813 2457 836 2498 1,
860 2457 920 2499 855
948 2457 986 2498 C,
1099 2467 1127 2491 2.
1157 2458 1195 2492 ἐν
1219 2457 1401 2501 Βηθλεέμ]
1433 2458 1557 2490 Revera
1582 2457 1613 2490 in
1638 2457 1764 2497 Bethel,

453 2511 464 2545 ἶ
492 2521 543 2550 11,
570 2512 663 2551 1844.
1053 2511 1094 2545 cf.
1118 2511 1201 2545 Gen.
1231 2522 1278 2554 35,
1307 2513 1396 2545 1—8.

452 2566 482 2599 LI.
538 2562 726 2608 Προσευχὴ
770 2565 986 2608 περιέχουσα
1099 2575 1125 2608 3.
1155 2563 1267 2599 Ἰωσίιι
1297 2565 1336 2600 ἐι·
1365 2569 1412 2611 τῷ
1440 2566 1582 2608 demae]
1611 2565 1638 2598 11
1661 2565 1764 2598 Paral.

452 2620 612 2661 φοι-σίας
645 2620 705 2651 καὶ
739 2616 988 2662 ἀπαρίθμησιν
1055 2629 1103 2662 35,
1131 2630 1143 2653 1
1171 2619 1325 2663 legimus:
1352 2621 1419 2654 Καὶ
1443 2620 1614 2662 ἐποίησεν
1633 2616 1766 2658 Ἰωσίας

452 2677 494 2707 ὄν
523 2670 711 2714 διαφόρων
740 2676 812 2707 τῶν
834 2675 986 2718 προνοίᾳ
1051 2671 1092 2707 τὸ
1115 2676 1231 2714 φασὲκ
1254 2677 1304 2718 τῷ
1328 2676 1441 2718 κυρίῳ
1459 2676 1537 2718 θεῷ
1555 2670 1679 2722 ᾳΰτοῦ,
1703 2676 1765 2707 καὶ

487 2729 650 2770 Χριστοῦ
685 2730 987 2770 παρασχεθεισιῦν
1052 2724 1163 2761 ἔθυσε
1200 2725 1239 2761 τὸ
1273 2728 1391 2768 φασὲκ
1430 2731 1471 2770 τῇ
1506 2740 1763 2771 τεσσαρεσκαι-

452 2793 505 2821 οις.
556 2780 675 2814 Oratio
709 2781 879 2814 continens
912 2791 982 2814 me·
1051 2777 1183 2824 δεκάιῃ·
1209 2778 1321 2826 ἡμέρᾳ
1344 2785 1384 2824 τῇ
1400 2780 1511 2824 μηνὸς
1527 2785 1590 2816 τοῦ
1607 2779 1761 2823 πρώτου.

452 2834 690 2870 ὀνίἀεηίὶεεετ
703 2834 983 2868 enumerationem
1051 2836 1179 2868 Φασσᾶ
1204 2840 1253 2868 est
1276 2835 1372 2878 igitur
1395 2835 1525 2877 φασιέκ,
1550 2841 1581 2868 et
1599 2836 1680 2868 haec
1698 2845 1762 2868 vox

453 2888 705 2928 beneficiorum,
728 2899 809 2933 quae
829 2888 891 2922 Dei
908 2899 982 2932 pro·
1050 2889 1184 2922 denotat
1208 2889 1338 2933 pascha.

1794 1071 1832 1102 10

1791 1395 1830 1426 15
