2457 3436
786 445 794 451 ·
820 402 1146 432 consmwnoxum
1175 402 1442 432 APOSTOLORUM
1472 403 1550 432 vm.
1883 395 1933 433 81

697 498 754 539 ῙΧ
784 497 910 553 (xlx).
941 504 1050 554 Περὶ
1081 504 1358 554 χειροτονίας
1386 504 1681 553 ‹suanm-*mong-

557 598 589 625 1.
608 581 708 638 Ἐγώ
725 588 1039 637 Βαρθολομαῖος
1059 584 1340 637 διατάσσομαι·
1363 597 1399 626 2.
1414 584 1688 626 Διακόνισσαν
1706 590 1933 636 καθιστῶν,

450 651 651 699 ἐπίσκοπε,
680 649 888 703 ἐπιθήσεις
911 647 1016 703 αὐτῇ
1045 649 1118 698 τὰς
1143 659 1291 702 χεῖρας,
1319 650 1587 702 παρεστῶτός
1616 661 1681 692 σοι
1709 657 1786 692 τοῦ
1815 664 1935 703 πρεσ-

450 717 632 766 9υτερίου
652 717 718 755 καὶ
738 720 828 756 τῶν
856 714 1063 756 διακόνων
1092 718 1158 756 καὶ
1187 720 1277 756 τῶν
1305 716 1592 765 διακονισσῶν,
1622 717 1689 756 καὶ
1719 714 1936 768 εὐχόμενος

450 781 560 832 ἐρεῖς·
1979 789 2000 821 5

704 855 743 896 X
773 854 882 909 (xx).
923 855 1044 910 Εὐχή
1074 861 1349 911 χειροτονίας
1380 861 1675 909 διακονίσσης.

560 944 590 971 1.
603 927 642 971 Ὁ
658 930 770 979 θεός,
791 928 814 971 ὃ
829 929 1007 979 αἰώνιος,
1029 928 1052 971 ὁ
1067 930 1201 984 πατὴρ
1220 936 1297 972 τοῦ
1312 933 1455 982 κυρίου
1474 928 1591 984 ἡμῶν
1601 928 1731 985 Ἰησοῦ
1741 934 1935 983 Χριστοῦ,

450 992 467 1036 ὃ
496 994 649 1047 α’νόρὸς
677 998 742 1037 καὶ
772 995 966 1048 γυναικὸς
985 995 1240 1049 δημιουργός,
1271 992 1294 1036 ὁ
1313 994 1533 1050 πληρώσας
1560 994 1792 1049 πνεύματος
1817 994 1938 1049 ἁγίου

451 1060 611 1113 Μαριὰμ
644 1062 711 1101 καὶ
745 1062 966 1112 Δεββῶραν
998 1063 1066 1102 καὶ
1088 1059 1231 1102 Ἄνναν
1265 1062 1333 1102 καὶ
1369 1059 1521 1111 Ὀλδάν,
1560 1058 1583 1102 ὃ
1616 1061 1670 1114 μὴ
1704 1060 1938 1112 ἀπαξιώσας

451 1125 519 1165 τὸν
554 1130 758 1178 μονογενῆ
796 1137 869 1166 σου
906 1125 997 1167 υἱὸν
1031 1130 1284 1179 γεννηθῆναι
1321 1126 1367 1166 ἐκ
1405 1125 1610 1178 γυναικός,
1649 1123 1672 1167 ὁ
1696 1127 1776 1167 -καὶ
1808 1126 1853 1167 ἐν
1886 1131 1938 1179 τῇ
1964 1134 2003 1165 10

451 1195 576 1244 σκηνῇ
595 1194 672 1231 τοῦ
689 1192 914 1242 μαρτυρίου
933 1193 999 1232 καὶ
1019 1191 1065 1232 ἐν
1085 1194 1146 1243 τῷ
1161 1196 1251 1243 ναῷ
1265 1191 1623 1244 προχειρισάμενος
1642 1190 1716 1239 τὰς
1729 1191 1938 1244 φρουροὺς

451 1259 533 1296 τῶν
561 1253 691 1307 ἁγίων
720 1266 795 1296 σου
821 1259 985 1296 πυλῶν·
1025 1267 1060 1297 2.
1091 1254 1218 1303 αὐτὸς
1246 1257 1314 1296 καὶ
1342 1260 1419 1296 νῦν
1448 1254 1559 1298 ἔπιδε
1588 1256 1652 1296 ἐπὶ
1681 1255 1757 1309 τὴν
1785 1255 1939 1310 δούλην

452 1333 522 1361 σου
539 1319 671 1373 τήνδε,
690 1319 766 1372 τὴν
782 1322 1141 1373 προχειριζομένην
1160 1321 1216 1369 εἰς
1236 1322 1461 1370 διακονίαν,
1481 1323 1549 1361 καὶ
1568 1320 1638 1369 δὸς
1656 1319 1761 1373 αὐτῇ
1778 1327 1939 1373 πνεῦμα

452 1383 564 1438 ἅγιον
592 1387 660 1426 καὶ
687 1384 947 1437 ,,καθάρισον
974 1384 1103 1440 αὐτὴν
1137 1384 1220 1427 ἀπὸ
1250 1384 1408 1433 παντὸς
1439 1389 1652 1438 μολυσμοῦ
1686 1385 1837 1438 σαρκὸς
1870 1388 1938 1427 καὶ

452 1448 705 1501 vespam&
731 1450 835 1502 πρὸς
854 1450 903 1491 τὸ
923 1451 1097 1501 ἐπαξίως
1116 1451 1313 1492 ἐπιτελεῖν
1334 1447 1462 1504 αὐτὴν
1487 1450 1538 1492 τὸ
1557 1451 1805 1503 ἐγχειρισθὲν
1833 1449 1940 1502 αὐτῇ
1965 1458 2004 1489 15

452 1514 568 1567 ἔργον
596 1515 653 1563 εἰς
681 1514 805 1566 δόξαν
832 1514 909 1568 σὴν
937 1516 1004 1556 καὶ
1033 1514 1202 1556 ἔπαινον
1230 1519 1307 1556 τοῦ
1338 1518 1516 1568 Χριστοῦ
1546 1525 1635 1564 σου,
1673 1511 1765 1567 μεθ’
1798 1508 1848 1556 οὗ
1875 1528 1939 1556 σοι

452 1579 548 1630 δόξα
576 1581 643 1620 καὶ
672 1579 947 1634 προσκύνησις
982 1579 1058 1621 σὺν
1091 1578 1195 1633 ἁγίῳ
1228 1579 1428 1632 πνεύματι
1462 1579 1517 1627 εἰς
1545 1579 1643 1628 τούς
1671 1581 1823 1628 αἰῶνας
1850 1585 1939 1621 τῶν

452 1644 634 1686 αἰώνων·
676 1643 799 1697 ἀμήν.

691 1741 746 1782 XI
778 1740 900 1796 (xxl).
943 1747 1052 1798 Περὶ
1082 1747 1357 1798 χειροτονίας
1390 1741 1701 1783 ι’·ποόιακόνον.

564 1831 595 1858 1.
623 1814 724 1870 Ἐγώ
747 1821 895 1870 Θωμᾶς
917 1816 1198 1869 διατάσσομαι·
1230 1829 1265 1858 2.
1290 1816 1585 1858 Ὑποδιάκονον
1610 1822 1875 1869 χειροτονῶν,
1907 1812 1942 1857 ὦ
1964 1824 2008 1855 20

453 1883 658 1930 ἐπίσκοπε,
688 1881 896 1935 ἐπιθήσεις
924 1881 991 1924 ἐπ’
1018 1880 1147 1923 αὐτὸν
1174 1882 1251 1935 τὴν
1275 1890 1388 1933 χεῖρα
1416 1883 1483 1923 καὶ
1511 1880 1730 1933 εὐχόμενος
1757 1882 1876 1934 ἐρεῖς·

750 1990 836 2032 XII.
878 1990 999 2045 Εὖχή
1028 1995 1303 2045 χειροτονίας
1330 1989 1646 2032 ἰἰ-τοόιακόνου.

566 2079 598 2107 1.
628 2067 815 2107 Δέσποτα
834 2067 918 2116 θεέ,
948 2067 1161 2119 δημιουργὲ
1183 2064 1364 2118 ου’ρανοῦ
1384 2068 1449 2106 καὶ
1480 2069 1549 2119 γῆς
1569 2066 1636 2107 καὶ
1654 2065 1829 2106 πάντων
1856 2069 1943 2107 τῶν

453 2131 496 2173 ἐν
531 2129 685 2180 αὐτοῖς,
723 2128 746 2171 ὁ
775 2132 843 2171 καὶ
877 2131 922 2171 ἐν
958 2135 1008 2182 τῇ
1045 2135 1172 2185 σκηνῇ
1206 2136 1284 2172 τοῦ
1317 2133 1541 2182 μαρτυρίου
1579 2129 1677 2178 τοὺς
1711 2130 1944 2183 νεωκόρους

453 2195 665 2246 ἀναδείξας
698 2200 788 2237 τῶν
823 2194 951 2249 ἁγίων
988 2207 1062 2237 σου
1097 2199 1255 2237 σκευῶν
1283 2195 1484 2246 φύλακας·
1544 2207 1579 2236 2.
1616 2193 1742 2243 αὐτὸς
1769 2197 1836 2236 καὶ
1865 2200 1944 2236 νῦν
1967 2203 2008 2233 25

454 2261 676 2311 ἐπίβλεψον
703 2260 768 2302 ἐπὶ
799 2260 873 2301 τὸν
903 2259 1054 2302 δοῦλόν
1083 2273 1158 2301 σου
1192 2259 1325 2309 τόνδε,
1360 2259 1436 2301 τὸν
1470 2261 1811 2312 προχειρισθέντα
1844 2257 1944 2301 ὑπο·

454 2325 663 2373 διάκονον,
682 2326 751 2366 καὶ
771 2325 841 2373 δὸς
861 2321 974 2377 αὐτῷ
992 2329 1151 2377 πνεῦμα
1170 2321 1286 2378 ἅγιον
1304 2324 1409 2376 πρὸς
1427 2324 1477 2365 τὸ
1496 2325 1671 2375 ἐπαξίως
1691 2323 1943 2375 ἐφάπτεσθαι

455 2394 541 2431 τῶν
575 2394 867 2443 λειτουργικῶν
907 2403 983 2431 σου
1022 2393 1182 2431 σκευῶν
1220 2391 1288 2430 καὶ
1320 2397 1454 2430 ποιεῖν
1493 2388 1543 2428 τὸ
1583 2388 1739 2442 θέλημά
1773 2401 1849 2430 σου
1883 2388 1949 2430 διὰ

565 2524 586 2554 9
611 2520 712 2553 Exod.
741 2529 790 2561 15,
813 2528 870 2559 20;
895 2519 1000 2553 Iudith
1023 2528 1054 2559 4,
1078 2528 1113 2560 43
1137 2519 1213 2552 Luc.
1239 2528 1267 2554 2.
1296 2519 1349 2560 363
1373 2517 1417 2550 IV
1437 2518 1520 2561 Reg.
1546 2527 1596 2557 22,
1624 2526 1671 2557 14.
1696 2537 1734 2540 -—-
1763 2521 1802 2551 14
1826 2517 1853 2550 11
1870 2517 1947 2550 Cor.

456 2584 486 2617 7,
513 2584 540 2608 1.
564 2594 607 2599 —
631 2578 673 2608 24
696 2573 795 2607 Num.
823 2583 856 2616 3;
880 2573 893 2606 1
917 2573 1018 2607 Paral.
1042 2583 1071 2616 9.

568 2697 584 2726 1
616 2683 822 2734 ὀιακονίσης
845 2692 864 2725 b
887 2703 907 2723 v
938 2694 942 2732 1
976 2695 995 2725 3
1019 2686 1048 2725 ὦ
1072 2690 1246 2725 ἐπίσκοπε
1272 2703 1305 2724 m
1338 2692 1343 2731 1
1373 2702 1440 2725 σου
1463 2701 1483 2722 n
1516 2694 1519 2716 ἰ
1551 2694 1571 2723 (ἰ
1601 2701 1690 2733 χειρ.
1715 2702 1722 2722 z
1747 2688 1805 2723 ἐπὶ
1832 2701 1949 2733 χειρο-

456 2748 556 2780 τονία
581 2758 595 2779 r
620 2748 625 2788 Ι
652 2749 727 2783 8ί18
751 2744 968 2789 δημιουργὸς
990 2765 1031 2770 -
1056 2743 1150 2788 ἀμὴν
1173 2753 1206 2780 :2-
1233 2757 1252 2778 v
1279 2764 1282 2766 >
1310 2748 1351 2778 10
1372 2746 1432 2778 καὶ
1458 2752 1491 2779 >
1517 2744 1533 2777 s
1551 2755 1566 2777 r
1587 2744 1591 2787 Ι
1613 2748 1649 2777 11
1675 2741 1737 2782 τὰς
1761 2743 1780 2775 b
1804 2742 1819 2776 f
1839 2755 1845 2776 :
1868 2741 1952 2783 τοὺς

457 2812 491 2834 m
509 2812 530 2834 n
547 2812 567 2844 p
592 2812 606 2834 r
628 2804 631 2841 ζ
654 2804 694 2835 16
717 2797 805 2840 δόξα
829 2800 848 2832 b
872 2799 888 2832 f
907 2800 936 2833 C
960 2812 967 2832 :
994 2796 1011 2843 ἦ
1037 2803 1067 2833 ὁ.
1090 2810 1123 2832 m
1147 2810 1168 2831 n
1192 2801 1229 2841 τΙ
1254 2803 1346 2841 1711&
1371 2802 1442 2832 τῶν
1465 2798 1511 2832 αἰ.
1536 2795 1630 2840 α’μὴν
1648 2806 1681 2834 ζ
1702 2797 1747 2840 ὺ·Ι
1769 2800 1808 2832 19
1829 2809 1919 2840 χειρ.
1943 2809 1950 2830 :

457 2853 515 2889 ἐπὶ
543 2855 749 2897 χειροτονία
778 2855 798 2887 b
830 2856 836 2896 Ι
867 2858 939 2889 2312
968 2857 1041 2887 τῶν
1064 2853 1102 2887 ἐν
1126 2872 1166 2878 -
1190 2850 1285 2896 α’μὴν
1309 2861 1341 2888 >
1368 2864 1387 2885 v
1416 2855 1421 2893 Ι
1454 2855 1496 2886 24
1519 2849 1609 2894 αὐτῆ
1634 2863 1647 2884 r
1680 2875 1682 2891 2
1714 2853 1774 2886 καὶ
1799 2859 1834 2886 >
1859 2851 1875 2884 f
1895 2863 1909 2884 r
1946 2874 1949 2893 ,

457 2912 501 2943 25
524 2919 592 2942 σοι·
616 2918 649 2944 3·
675 2920 690 2941 r
709 2910 715 2950 Ι
734 2912 775 2943 27
798 2911 849 2942 τῶ
875 2919 888 2940 r

524 2964 644 3004 chx,
668 2964 798 2997 Dmasc.
823 2973 860 2996 m·
883 2963 1029 2996 cossa-11.
1053 2973 1104 2996 ΛΡ.
1150 2963 1188 2996 11.
1803 2963 1823 2993 6
