2457 3436
1123 372 1352 402 sunnonis.
1904 363 1978 401 165

486 469 654 523 capiant,
683 476 727 510 ut
755 470 794 510 in
814 483 956 523 magna
974 468 1246 523 tranquillitate
1266 469 1555 522 navigationem
1583 475 1621 509 et
1640 468 1979 522 peregrinationes

485 548 576 575 suas
595 533 809 588 perficiant.
839 547 876 586 9.
893 534 1158 588 Deprecamur
1172 547 1244 588 pro
1259 532 1410 575 afflictis
1430 540 1470 574 et
1488 533 1647 587 captivis
1668 540 1705 574 et
1725 533 1976 587 pauperibus:

485 612 619 640 recrea
648 612 980 654 unumquemque,
1009 598 1125 640 libera
1154 612 1176 639 a
1205 597 1379 648 vinculis,
1409 597 1507 639 educ
1537 612 1558 639 e
1588 605 1827 653 paupertate,
1856 597 1977 639 alleva

485 677 644 714 omnes,
659 664 782 719 quies
796 663 964 705 allevans
983 678 1027 705 ac
1047 662 1268 705 consolans.
1309 675 1368 704 10.
1384 662 1557 704 Oramus
1576 677 1648 717 pro
1669 663 1856 716 aegrotis:
1878 664 1977 704 sani-

483 735 608 770 tatem
636 728 775 782 largire
804 736 843 770 et
872 742 893 770 e
923 728 1064 770 morbo
1102 729 1207 782 erige
1236 734 1351 783 atque
1386 726 1458 777 fac,
1493 735 1536 769 ut
1569 726 1779 782 perfectam
1811 727 1975 769 habeant
2021 737 2040 765 5

485 794 689 834 sanitatem
711 794 888 848 corporis
908 801 946 835 et
966 794 1130 834 animae.
1165 807 1180 834 1
1193 806 1224 834 1.
1245 792 1310 834 Tu
1331 793 1437 834 enim
1457 806 1499 834 es
1519 792 1685 834 salvator
1705 800 1742 834 et
1763 792 1974 843 beneficus,

485 863 529 899 tu
558 871 599 899 es
627 858 805 900 omnium
837 858 1021 900 dominus
1049 873 1092 899 ac
1122 872 1207 909 rex;
1236 865 1275 899 te
1305 857 1497 912 deprecati
1526 872 1661 899 sumus
1691 872 1761 911 pro
1791 857 1975 899 omnibus

486 936 555 977 per
591 923 835 976 unigenitum
871 931 981 965 tuum
1011 924 1139 965 lesum
1169 922 1383 973 Christum,
1419 936 1487 977 per
1520 937 1637 978 quem
1672 922 1740 964 tibi
1774 922 1898 976 gloria
1937 930 1975 964 et

486 994 658 1042 potestas
688 989 726 1028 in
757 996 892 1030 sancto
921 989 1057 1042 spiritu
1087 996 1124 1030 et
1145 1002 1250 1030 nunc
1274 995 1311 1029 et
1332 988 1371 1028 in
1393 988 1526 1028 omnia
1544 987 1693 1029 saecula
1714 988 1973 1037 saeculorum,

484 1066 614 1093 amen.
2001 1059 2041 1088 10

1111 1260 1165 1301 Vl
1193 1258 1343 1314 (xxix).

967 1337 1221 1378 Benedictio
1249 1336 1482 1377 laieorum.

597 1433 628 1461 1.
660 1421 758 1462 Viva
788 1429 827 1463 et
850 1436 944 1476 pura
965 1436 1116 1471 manus,
1145 1436 1283 1462 manus
1303 1421 1505 1475 unigeniti,
1536 1434 1687 1471 manuS‚
1717 1434 1815 1475 quae
1836 1421 1970 1461 omnia

482 1484 582 1526 mala
610 1484 762 1527 sustulit
790 1493 828 1528 et
856 1488 990 1528 omnia
1017 1494 1149 1528 sancta
1168 1485 1415 1528 confirmavit
1443 1500 1486 1527 ac
1506 1492 1587 1527 tuta
1606 1486 1807 1541 praestitit,
1838 1492 1968 1526 exten-

481 1549 592 1591 datur
621 1565 736 1604 super
764 1551 888 1605 capita
916 1551 1029 1593 huius
1058 1551 1211 1606 populi3
1242 1563 1278 1593 2.
1308 1550 1557 1593 benedicatur
1582 1551 1644 1591 hic
1664 1550 1830 1605 populus
1851 1549 1968 1591 bene-

480 1614 654 1657 dictione
681 1615 849 1670 spiritus‚
878 1615 1152 1658 benedictione
1181 1616 1288 1666 caeli,
1317 1615 1591 1657 benedictione
1619 1615 1897 1669 prophetarum
1929 1623 1968 1656 et
1995 1618 2032 1648 ¹5

480 1679 772 1734 apostolorum;
807 1680 1085 1723 benedicantur
1119 1695 1284 1736 corpora
1318 1681 1451 1735 populi
1481 1682 1520 1721 in
1551 1681 1764 1722 castitatem
1798 1688 1838 1721 et
1866 1681 1968 1734 puri-

479 1751 619 1796 tatem;
654 1744 932 1787 benedicantur
957 1747 1111 1788 animae
1140 1760 1277 1788 eorum
1307 1747 1345 1787 in
1377 1745 1595 1787 doctrinam
1625 1752 1663 1787 et
1693 1745 1965 1798 cognitionem

480 1816 519 1850 et
538 1810 722 1864 mysteria
730 1826 741 1861 ;
762 1809 1038 1853 benedicantur
1058 1811 1171 1852 simul
1190 1825 1331 1853 omnes
1352 1825 1420 1866 per
1435 1811 1682 1864 unigenitum
1702 1817 1813 1851 tuum
1835 1810 1965 1851 Iesum

479 1873 696 1924 Christum,
731 1888 801 1929 per
829 1889 945 1930 quem
974 1876 1041 1917 tibi
1070 1876 1195 1929 gloria
1224 1884 1262 1918 et
1290 1877 1496 1930 imperium
1528 1876 1567 1916 in
1597 1881 1733 1916 sancto
1763 1875 1898 1929 spiritu
1929 1882 1965 1915 et

479 1953 582 1981 nunc
614 1947 651 1981 et
681 1940 719 1980 in
750 1941 883 1981 omnia
911 1939 1060 1982 saecula
1088 1943 1346 1992 saeculorum,
1375 1955 1502 1982 amen.
1964 1941 2032 1971 ‘2⁰

1102 2147 1175 2188 V11
1205 2147 1342 2202 (xx11).

965 2224 1117 2266 oratio
1145 2234 1229 2274 pro
1258 2225 1474 2275 aegrotis.

588 2320 621 2348 1.
651 2308 916 2362 Deprecamur
944 2316 981 2350 te
1011 2310 1273 2364 inspectorem
1305 2318 1343 2351 et
1371 2309 1576 2351 dominum
1608 2316 1646 2350 et
1664 2308 1848 2363 opificem
1878 2322 1962 2348 cor-

474 2372 581 2425 poris
602 2380 642 2414 et
660 2379 875 2415 creatorem
895 2375 1061 2425 animae,
1081 2375 1146 2428 qui
1168 2375 1371 2416 hominem
1393 2374 1630 2428 composuit,
1651 2372 1961 2427 dispensatorem

474 2443 513 2478 et
541 2445 737 2479 rectorem
767 2445 806 2479 et
834 2438 1064 2480 salvatorem
1095 2440 1262 2481 universi
1292 2441 1447 2493 generis
1477 2440 1697 2488 hominum,
1728 2438 1792 2493 qui
1824 2451 1963 2479 recon-

473 2609 625 2651 efficiunt,
651 2611 709 2644 sed
733 2611 765 2644 iu
789 2612 937 2645 oratione
960 2623 1019 2657 pro
1037 2612 1184 2647 fidelibus
1251 2624 1364 2657 preces
1383 2624 1442 2657 pro
1458 2613 1638 2654 senilitate;
1656 2612 1696 2646 cf.
1716 2612 1801 2653 vlu,
1819 2622 1865 2654 13,
1882 2621 1912 2652 4.
1933 2622 1961 2654 7.

472 2664 557 2706 VIII,
575 2674 614 2698 10
625 2664 843 2706 continentur,
859 2676 974 2709 preces
990 2677 1050 2710 pro
1065 2677 1182 2712 aegro·
1250 2669 1367 2702 Preces
1405 2679 1464 2712 pro
1503 2669 1648 2712 aegrotis
1686 2673 1796 2700 nostra
1832 2676 1962 2711 quoque

472 2719 513 2752 tis
529 2731 559 2752 v.
578 2728 626 2760 14,
644 2729 705 2763 pro
722 2718 860 2753 ecclesia
877 2730 907 2753 v.
925 2729 1021 2763 4-5,
1037 2732 1097 2764 pro
1113 2722 1182 2766 epi·
1249 2723 1404 2766 scriptura
1417 2723 1481 2756 iam
1495 2722 1643 2756 oratione
1657 2732 1717 2765 pro
1729 2720 1852 2766 populo
1865 2721 1905 2760 V,
1922 2730 1963 2753 10

473 2773 592 2817 scopis,
622 2773 819 2817 presbyteris
849 2781 880 2807 et
904 2774 1034 2819 reliquis
1057 2776 1182 2809 clericis
1248 2777 1370 2818 inserit,
1399 2777 1508 2811 denuo
1535 2784 1645 2810 autem
1668 2777 1767 2809 etiam
1790 2774 1960 2819 speciatim

473 2838 502 2861 v.
535 2826 660 2867 6—103
697 2833 887 2871 repetuntur
920 2834 996 2872 post
1018 2829 1180 2874 Epiclesin
1248 2830 1379 2875 profert.
1425 2832 1675 2865 Animadvertas
1711 2835 1821 2864 autem
1852 2829 1960 2868 velim,

473 2880 557 2922 Vffl,
592 2890 640 2922 ¹2,
669 2890 793 2923 40-45
832 2888 863 2915 et
894 2894 923 2915 v.
953 2884 995 2923 48
1026 2885 1185 2918 adduntur
1250 2886 1433 2919 orationem
1478 2885 1664 2928 Serapionis
1710 2895 1769 2928 pro
1815 2883 1960 2927 aegrotis
