2457 3436
826 369 907 398 nun
934 368 1013 404 vm,
1040 370 1071 407 7,
1093 370 1188 408 3—s,
1211 371 1241 402 2.
1604 360 1685 399 483

787 477 826 506 m
847 465 1021 518 increpet
1049 464 1279 506 immundos
1307 479 1351 506 ac
1381 465 1504 507 malos
1528 467 1684 520 spiritus

788 530 836 572 ab
866 530 1122 584 oppressione
1151 537 1190 571 et
1225 529 1430 584 tyrannide
1457 530 1685 582 adversarii3

769 594 1010 636 daemonum
1049 601 1088 636 et
1116 595 1311 648 originem
1348 594 1437 636 mali
1473 594 1685 647 diabolum,

785 672 807 699 e
836 666 1030 714 apostatas
1065 660 1216 714 pietatis
1252 667 1291 701 et
1329 659 1464 701 liberet
1493 668 1685 702 creaturas

819 724 981 765 mundet
1003 737 1079 774 eas,
1103 738 1197 779 quas
1217 738 1358 777 magna
1378 739 1468 766 cum
1495 726 1683 779 sapientia
1728 735 1747 765 5

742 836 746 838 ,
788 797 831 831 ,te
868 804 939 844 pro
972 789 1065 842 ipsis
1100 803 1321 844 precemur:
1358 803 1467 831 serva
1505 797 1543 831 et
1578 791 1685 843 erige

781 885 790 895 ,
845 853 1043 900 Inclinate,
1078 855 1348 907 energumeni,
1382 862 1497 909 atque
1526 854 1684 896 benedi-

758 920 941 973 piscopus
960 917 1188 972 deprecetur
1206 918 1358 960 dicens:
1402 931 1420 971 5
1445 918 1578 974 (VII).
1604 920 1687 973 Qui

743 995 839 1025 vasa
866 986 942 1025 eius
969 983 1167 1038 diripuisti,
1205 985 1271 1038 qui
1294 983 1427 1025 dedisti
1451 984 1555 1026 nobis
1580 993 1684 1039 pote-

763 1057 858 1088 tates
875 1057 907 1088 et
927 1049 1129 1102 scorpiones
1157 1056 1190 1088 et
1208 1057 1318 1102 super
1342 1063 1486 1090 omnem
1507 1051 1684 1091 virtutem
1711 1059 1752 1090 ιο

753 1120 977 1167 serpentem
1008 1113 1180 1154 vinctum
1217 1112 1406 1155 tradidisti
1441 1114 1557 1155 nobis
1591 1115 1685 1155 sicut

709 1179 834 1218 omnis:
870 1177 1018 1218 horrent
1047 1191 1092 1218 ac
1124 1186 1287 1218 tremunt
1315 1191 1339 1219 a
1360 1179 1467 1232 sacia
1494 1181 1687 1233 potestatis

738 1240 863 1284 fecisti
890 1243 984 1282 sicut
1002 1242 1148 1296 fulgur
1176 1257 1195 1283 e
1223 1242 1325 1284 caelo
1354 1243 1393 1284 in
1413 1251 1570 1295 terram,
1601 1258 1684 1285 non

718 1320 761 1350 ,re
782 1307 819 1348 in
841 1308 1098 1360 ignominiam
1118 1314 1278 1361 propter
1293 1308 1548 1350 voluntariam
1566 1309 1685 1364 ipsius

655 1420 657 1422 ¹
770 1387 814 1414 us
841 1372 1003 1414 exsiccat
1022 1371 1183 1426 abyssos
1213 1380 1251 1414 et
1281 1373 1409 1414 minae
1438 1372 1685 1428 liquefaciunt
1711 1382 1751 1415 ιδ

694 1446 753 1478 nex
790 1438 826 1478 in
863 1446 1065 1487 aeternum,
1101 1451 1217 1492 quem
1255 1436 1409 1479 laudant
1446 1437 1612 1480 infantes
1647 1446 1684 1480 et

647 1534 660 1552 ‚
689 1514 807 1558 quem
829 1502 1020 1544 celebrant
1040 1509 1155 1556 atque
1179 1501 1343 1544 adorant
1362 1502 1510 1555 angeli;
1556 1516 1592 1556 7.
1623 1505 1688 1558 qui

694 1573 726 1607 ιε
753 1568 858 1621 sacis
892 1580 973 1607 eam
1010 1574 1178 1616 tremere,
1220 1568 1286 1621 qui
1320 1569 1445 1621 tangis
1481 1576 1619 1609 montes
1654 1576 1687 1608 et

642 1645 684 1673 rt
699 1639 733 1673 ct
753 1634 917 1673 exsistas
942 1631 1042 1672 illud
1069 1639 1101 1671 et
1119 1633 1244 1672 omnia
1257 1630 1424 1686 flumina
1443 1633 1522 1686 ipsa
1542 1632 1687 1673 deserta

628 1695 753 1752 pulvis
777 1695 927 1749 pedum,
954 1697 1019 1750 qui
1045 1695 1218 1737 ambulas
1236 1704 1345 1750 super
1373 1709 1478 1737 mare
1504 1705 1685 1752 tanqu-am
1709 1707 1753 1738 20

597 1774 616 1810 ;
662 1762 699 1803 8,
728 1759 837 1803 Deus
873 1761 1084 1814 unigenite,
1121 1762 1253 1815 magni
1283 1761 1400 1815 patris
1429 1760 1495 1811 fili,
1531 1762 1686 1817 increpa

616 1825 733 1868 libera
767 1835 875 1881 opera
907 1839 1086 1867 manuum
1114 1834 1267 1866 tuarum
1303 1826 1349 1867 ab
1382 1826 1496 1867 alieni
1531 1827 1687 1881 spiritus

553 1889 623 1933 tibi
650 1889 787 1945 gloria,
816 1891 946 1933 honor
974 1904 1018 1932 ac
1038 1891 1239 1932 veneratio
1270 1898 1307 1932 ct
1337 1904 1405 1945 per
1424 1898 1463 1932 te
1492 1892 1589 1946 patri
1614 1899 1684 1933 tuo

517 1959 559 1997 tu
579 1955 618 1997 in
638 1955 799 2006 saecula,
831 1970 956 1997 amen.
1007 1968 1043 2007 9.
1074 1954 1179 1995 Tum
1203 1954 1390 1996 diaconus
1409 1955 1529 1997 dicat:
1560 1956 1684 2007 Exite,

1709 2031 1753 2063 25

444 2093 488 2139 μ
517 2085 564 2126 ἱὶῖ
591 2087 804 2138 progressis
836 2087 1065 2138 proclamet:
1111 2096 1147 2126 2.
1185 2084 1324 2135 Orate,
1355 2085 1594 2127 illuminandi
1624 2086 1686 2127 ba-

450 2155 560 2192 tente
583 2150 710 2191 cuncti
741 2148 875 2198 fideles
905 2164 977 2204 pro
1006 2151 1097 2204 ipsis
1127 2150 1395 2205 deprecamur,
1427 2158 1467 2192 ut
1487 2151 1687 2193 Dominus

448 2241 527 2270 emo
548 2235 646 2269 rubro
670 2235 800 2269 exhibet
826 2239 831 2276 Ι
860 2240 896 2270 11
922 2241 1048 2271 πατεῖν
1069 2240 1103 2269 a*
1126 2237 1145 2269 i.
1169 2248 1223 2277 m.‚
1247 2241 1291 2275 >
1315 2247 1333 2269 a
1361 2240 1365 2278 Ι
1399 2240 1437 2271 13
1461 2233 1544 2279 ὄφιν
1565 2242 1609 2276 >
1635 2237 1655 2269 d
1681 2238 1685 2280 Ι

444 2295 477 2323 te
498 2290 636 2333 φρὴτει
652 2300 682 2331 a,
704 2296 779 2334 post
796 2302 854 2332 φρ.
878 2290 899 2323 d
918 2291 923 2331 Ι
946 2293 985 2324 16
1009 2290 1061 2329 εἰς
1079 2294 1115 2331 -Ι-
1135 2288 1199 2332 τὴν
1222 2301 1255 2323 m
1278 2292 1282 2332 Ι
1301 2289 1452 2324 tanmem
1474 2291 1594 2334 ῥῆγμα
1619 2301 1652 2323 m
1678 2293 1684 2333 1

444 2355 448 2376 ε
469 2340 544 2378 ἀπὸ
563 2347 609 2384 >
631 2349 690 2382 m!
714 2347 752 2378 17
775 2340 938 2387 ἄβυσσον
960 2344 980 2376 d
1003 2355 1022 2376 v
1044 2346 1048 2383 Ι
1073 2348 1113 2378 21
1139 2340 1159 2377 ὁ
1183 2341 1342 2378 ἀπειλῶν
1364 2344 1385 2376 d
1408 2349 1441 2376 aff
1469 2347 1473 2385 1
1500 2348 1542 2378 22
1566 2346 1627 2378 καὶ
1650 2355 1688 2388 pr

457 2397 893 2439 >dmv123t113v>
919 2395 1266 2439 ἀΙὸεκαὶάΙέπὶ
1293 2396 1688 2440 ÷1712d127o10¹1—

447 2453 510 2487 καὶ
532 2452 553 2485 d
571 2452 578 2495 Ι
597 2454 651 2498 σῷ
674 2456 716 2491 >
742 2453 763 2485 h
786 2463 819 2485 m
844 2464 863 2484 v
885 2455 888 2492 Ι
908 2456 950 2486 28
973 2453 1034 2485 καὶ
1049 2457 1093 2491 >
1112 2452 1132 2484 d
1150 2453 1155 2495 Ι
1177 2452 1379 2495 apost-‘iate
1405 2453 1436 2491 h,
1459 2453 1684 2494 προσέλθετε

444 2503 477 2540 τὰ
497 2505 521 2539 d
542 2505 564 2539 h
587 2516 620 2539 m
640 2508 645 2548 Ι
664 2503 795 2546 αὐτοὺς
818 2517 846 2546 a,
870 2504 980 2541 αὐτοῦ
1004 2517 1034 2547 ν,
1058 2503 1206 2545 τούτους
1228 2507 1248 2538 d
1273 2518 1280 2539 :
1305 2509 1412 2540 τοῦτο
1436 2506 1455 2538 h
1480 2517 1513 2539 m

444 2608 483 2638 n:
498 2604 723 2646 Χειροθεσὶα
734 2603 792 2639 ἐπὶ
805 2601 908 2648 (εὐχὴ
1018 2604 1100 2637 VIII.
1116 2602 1375 2646 Προσφαὶνησις
1391 2599 1480 2646 ὑπὲρ
1494 2607 1567 2637 τῶν
1579 2616 1688 2644 φωτι-

464 2656 735 2701 δνεργουμένων
756 2659 812 2701 (4-
839 2655 909 2693 ὑπὸ
976 2658 1137 2700 ζομένων
1159 2660 1223 2700 (>
1243 2659 1287 2700 a).
1331 2657 1446 2691 Oratio
1470 2667 1529 2701 pro
1553 2658 1610 2697 eis,
1635 2658 1687 2702 qui

444 2708 656 2756 ὺαθᾰρτων
668 2713 707 2755 d)
727 2712 748 2745 d
763 2724 798 2753 v;
824 2709 909 2755 εὐχὴ
975 2713 1105 2745 iamiam
1130 2711 1309 2756 baptizandi
1333 2717 1417 2745 sunt.

444 2766 545 2810 pen-cn
561 2784 602 2791 -
618 2766 699 2809 σου]
715 2765 841 2800 Locum
854 2776 909 2799 ex·
1020 2776 1048 2799 2.
1065 2766 1098 2800 οὶ
1114 2763 1368 2808 φωτιζόμενοι]
1381 2777 1412 2799 ν.
1428 2775 1441 2807 5
1457 2771 1489 2799 et
1502 2765 1573 2806 Vll,
1586 2774 1638 2805 41,
1655 2776 1689 2807 1;

444 2817 597 2862 hauseis,
613 2829 708 2864 supra
725 2820 763 2860 11,
782 2829 833 2860 22,
854 2829 908 2860 12;
977 2820 1060 2859 VIII,
1077 2830 1125 2862 37,
1138 2817 1410 2863 βαπτιζόμενοι,
1427 2831 1444 2852 a
1457 2819 1578 2852 Latinis
1595 2830 1688 2853 com-

444 2874 666 2909 maecum
681 2874 797 2908 lEsdr.
811 2883 841 2914 4,
859 2874 906 2916 36.
974 2880 1122 2918 petentes
1157 2875 1218 2916 (sc.
1254 2874 1467 2917 baptismum)
1504 2874 1556 2906 vel
1592 2873 1689 2906 electi

1496 2927 1558 2961 81*
