2457 3436
641 370 910 401 uosroronuu
937 371 1016 405 vm.
1047 373 1097 409 12,
1119 373 1259 410 ⁴9—13,
1282 373 1313 404 8.
1642 362 1720 402 515

454 479 496 507 er
530 466 633 508 bona
660 480 682 507 a
710 473 750 508 te
785 466 922 508 collata
957 467 1215 521 percipientes
1242 466 1394 509 assidue
1429 467 1631 510 laudemus
1666 477 1720 519 te,

453 544 536 572 cam
565 532 667 572 omni
692 532 813 572 carni.
859 544 925 584 49.
954 532 1079 573 Etiam
1109 545 1294 585 rogamus
1323 539 1362 574 te
1391 546 1463 588 pro
1493 533 1550 583 iis,
1580 533 1644 588 qui
1667 533 1718 574 ob

452 595 659 638 robabilem
697 595 876 638 absentes
915 603 1018 647 sunt,
1057 605 1098 638 ut
1137 611 1280 638 omnes
1320 611 1394 638 nos
1432 611 1643 639 conserves
1679 599 1719 639 in

468 674 688 714 congreges
717 661 756 702 in
786 675 912 715 regno
942 661 1089 703 Christi
1116 663 1185 712 tui,
1222 661 1299 703 Dei
1327 663 1530 703 universae
1558 669 1717 704 naturae

452 739 486 766 m
520 733 560 767 et
588 725 893 780 intellegentiam
926 725 1110 777 cadentis,
1140 727 1244 780 regis
1275 728 1412 776 nostri,
1448 727 1718 779 immutabiles,

452 823 460 840 ,
496 791 806 845 irreprehensos;
856 803 918 844 50.
955 792 1140 846 quoniam
1175 791 1243 833 tibi
1277 792 1409 833 omnis
1438 791 1573 845 gloria,
1602 806 1719 834 vene-

452 856 585 897 tiarum
622 856 738 907 actio,
774 855 917 905 honor,
950 854 1140 906 adoratio,
1175 857 1273 910 patri
1307 863 1346 898 et
1378 855 1460 897 filio
1496 863 1535 897 et
1569 857 1719 912 spiritui

453 934 559 961 nunc
578 927 617 962 et
636 934 792 975 semper
812 926 850 961 et
869 921 908 961 in
928 918 1079 962 infinita
1097 934 1141 961 ac
1161 921 1398 975 sempiterna
1417 921 1567 962 saecula
1586 935 1718 963 saecu-

459 998 493 1027 1.
522 986 651 1040 Atque
679 986 812 1026 omnis
840 985 1008 1040 populus
1037 985 1288 1039 respondeat:
1318 986 1461 1027 Amen.

479 1050 527 1091 Et
562 1050 767 1104 episcopus
802 1049 923 1092 dicat:
959 1050 1038 1091 Pax
1066 1050 1141 1091 Dei
1172 1051 1222 1092 sit
1256 1064 1345 1091 cum
1381 1051 1566 1093 omnibus
1594 1051 1718 1102 vobis,

452 1129 464 1156 ς
493 1114 660 1170 populus
692 1114 948 1169 respondeat:
987 1115 1035 1157 Et
1063 1129 1152 1156 cum
1181 1116 1317 1170 spiritu
1344 1123 1427 1157 tuo.
1485 1128 1523 1157 2.
1552 1118 1612 1157 Ac
1640 1115 1719 1157 dia-

452 1194 530 1221 ·um
565 1179 776 1234 praedicet:
828 1192 847 1233 3
886 1179 1037 1235 (XIII).
1073 1179 1213 1221 Adhuc
1248 1188 1363 1235 atque
1397 1180 1521 1222 adhuc
1560 1195 1719 1223 oremus

452 1259 458 1266 ·
478 1245 678 1287 Christum
708 1246 809 1295 eius;
838 1258 910 1298 pro
931 1259 1108 1295 munere,
1137 1244 1245 1300 quod
1265 1246 1443 1287 Domino
1465 1246 1554 1287 Deo
1580 1254 1718 1288 nostro

454 1317 505 1360 st,
539 1324 711 1360 oremus,
746 1318 788 1351 ut
816 1310 939 1361 Deus,
974 1311 1039 1365 qui
1068 1309 1197 1351 bonus
1227 1318 1297 1361 est,
1332 1310 1529 1353 mediante
1559 1311 1718 1353 Christo

462 1375 623 1429 recipiat
655 1376 696 1416 in
730 1374 895 1417 caeleste
936 1389 1050 1416 suum
1088 1374 1204 1416 altare
1244 1375 1296 1416 ad
1328 1376 1475 1417 odorem
1507 1377 1717 1418 suavitatis.

452 1439 563 1481 clesia
600 1440 670 1481 hac
699 1447 738 1482 et
767 1439 914 1496 populo
943 1453 1102 1482 oremus
1110 1456 1122 1491 ;
1157 1454 1228 1496 pro
1259 1441 1442 1482 universo
1479 1442 1717 1495 episcopatu,

452 1505 635 1560 sbyterio,
673 1512 816 1547 cuncto
854 1504 1000 1546 Christi
1039 1503 1220 1546 diaconio
1259 1519 1303 1546 ac
1341 1506 1572 1556 ministerio,
1607 1507 1719 1547 omni

452 1577 570 1612 coetu
610 1583 782 1620 oremus,
820 1577 862 1612 ut
889 1569 1087 1610 Dominus
1122 1570 1326 1611 universos
1363 1576 1570 1611 conservet
1602 1577 1718 1625 atque

483 1647 521 1687 5.
550 1634 625 1676 Pro
651 1634 800 1689 regibus
828 1643 860 1675 et
890 1636 929 1675 in
955 1634 1109 1675 sublimi
1130 1642 1307 1689 potestate
1334 1636 1538 1676 constitutis
1557 1648 1717 1684 oremus,

1744 1059 1785 1090 10

1744 1382 1784 1413 15

452 1707 539 1741 trae
556 1699 737 1753 pacificae
756 1700 846 1749 sint,
875 1714 945 1755 quo
971 1701 1091 1741 vitam
1110 1701 1271 1754 quietam
1291 1707 1325 1740 et
1347 1699 1597 1755 tranquillam
1616 1701 1721 1740 nacti
1740 1704 1783 1736 2ο

452 1766 563 1806 ietate
591 1778 637 1806 ac
663 1779 809 1806 morum
837 1766 1007 1806 castitate
1037 1765 1228 1818 degamus.
1285 1767 1324 1806 6.
1355 1764 1588 1806 Sanctorum
1620 1778 1719 1806 mar-

456 1843 589 1871 mores
618 1830 752 1880 simus,
783 1836 824 1871 ut
852 1829 961 1883 digni
990 1829 1199 1871 habeamur
1228 1830 1436 1884 participes
1465 1828 1548 1870 fieri
1578 1843 1717 1870 eorum

535 1894 611 1935 Pro
648 1895 694 1936 iis
728 1895 794 1949 qui
831 1896 870 1936 in
905 1893 982 1936 fide
1017 1895 1291 1949 requieverunt
1326 1908 1496 1935 oremus.
1564 1908 1601 1947 7.
1641 1894 1718 1936 Pro

452 1966 613 2000 ieratura
642 1967 682 2001 et
709 1958 863 2012 frugum
895 1961 1114 2001 maturitate
1143 1973 1314 2001 oremus.
1367 1961 1403 2001 8.
1434 1959 1511 2000 Pro
1541 1967 1718 2000 recenter

454 2064 637 2110 σφώνησις
653 2066 794 2102 ἐπὶτῶν
804 2071 943 2102 πιστῶν

452 2123 552 2156 θείαν
582 2118 779 2164 ἀναφοράν.
824 2121 941 2156 Oratio

453 2199 454 2203 ,
476 2181 553 2220 post
569 2176 712 2209 divinam
728 2176 939 2210 oblationem.

452 2229 568 2263 missali
590 2230 737 2273 gothico,
759 2230 873 2274 Migne
888 2230 940 2263 PL

452 2284 556 2317 :erdos
580 2290 665 2318 orat:
695 2284 832 2327 Suscipe
854 2284 940 2327 (Do-

452 2348 491 2371 ne
514 2344 572 2371 tuo
594 2337 702 2371 debita
723 2337 858 2372 honoris
881 2339 940 2372 ob-

458 2402 540 2436 pace
571 2391 730 2426 ecclesiae
761 2398 847 2433 tuae,
881 2403 941 2436 pro

452 2447 548 2480 atione
572 2446 721 2479 omnium
744 2452 941 2486 sanctorum,

452 2506 521 2533 tum
550 2506 582 2533 et
605 2500 826 2533 ministrorum
856 2501 942 2544 puri·

452 2565 524 2598 gum
542 2554 756 2598 pacabilitate,
778 2565 838 2598 pro
853 2553 942 2588 suffi-

452 2619 479 2641 n
502 2613 535 2641 et
559 2615 746 2651 temporum
764 2608 941 2654 tranquilli-

452 2662 678 2696 ‹erseverantia
711 2662 874 2706 virginum
909 2669 941 2696 et

452 2716 626 2758 viduarum,
646 2727 705 2759 pro
718 2716 940 2761 orphanorum

452 2770 683 2813 v:aenitentium
706 2771 939 2811 sublevatione,

452 2825 593 2859 >mnium
617 2825 795 2857 viventium
825 2832 856 2859 et
881 2835 940 2869 pro

452 2883 602 2912 ictorum.

1050 2067 1080 2102 6.
1119 2067 1204 2100 Cum
1239 2078 1266 2100 c.
1306 2077 1353 2107 12,
1389 2077 1428 2110 43
1469 2078 1529 2111 pro
1567 2068 1719 2101 omnibus

1007 2122 1137 2163 sanctis,
1167 2122 1265 2155 etiam
1294 2132 1354 2165 pro
1384 2122 1588 2167 martyribus,
1620 2122 1719 2155 sacri-

1006 2175 1116 2209 ficium
1145 2175 1309 2215 offeratur,
1344 2176 1398 2209 hic
1427 2182 1588 2221 martyres
1617 2177 1719 2209 modo

1007 2236 1310 2264 commemorantur
1343 2235 1497 2275 tanquam
1532 2230 1719 2274 exemplum

1007 2284 1199 2317 Christianis
1238 2284 1440 2324 exhibentes,
1484 2294 1543 2328 pro
1582 2278 1720 2328 'reliquis

1006 2343 1116 2371 autem
1132 2337 1292 2371 defunctis
1315 2348 1428 2381 preces
1444 2337 1535 2371 fiunt.
1575 2336 1627 2370 Cf.
1646 2337 1720 2370 Vita

1006 2392 1168 2425 Melaniae
1190 2392 1326 2425 Iunioris
1351 2391 1374 2433 1,
1395 2391 1445 2430 28,
1471 2391 1628 2424 Analecta
1644 2390 1720 2424 Bol-

1007 2446 1093 2479 land.
1117 2446 1202 2486 VIII,
1230 2456 1278 2489 39.
1302 2465 1344 2471 —
1374 2448 1446 2479 τῶν
1468 2441 1501 2479 ἂ.
1524 2457 1561 2487 μ.
1584 2456 1721 2487 μνημο-

1010 2497 1202 2543 νεύσομεν]
1227 2500 1311 2533 Cum
1337 2509 1449 2543 preces
1473 2498 1719 2532 intercessoriae

1007 2550 1112 2598 (ὑπὲρ
1135 2580 1143 2588 .
1168 2580 1176 2588 .
1200 2580 1209 2588 .
1233 2554 1443 2597 δεηθῶμεν)
1471 2559 1503 2587 et
1527 2553 1720 2586 antecedant

1009 2615 1041 2642 et
1058 2614 1242 2654 sequantur,
1258 2607 1376 2641 Lucius
1392 2607 1412 2640 1.
1430 2618 1458 2641 c.
1482 2607 1540 2650 (cf.
1556 2617 1583 2640 c.
1601 2615 1649 2648 12,
1662 2608 1720 2650 43)

1008 2663 1107 2695 etiam
1132 2662 1215 2695 hanc
1239 2661 1430 2706 particulam
1453 2662 1534 2695 olim
1558 2661 1718 2694 eiusmodi

1008 2716 1108 2750 fuisse
1126 2723 1157 2750 et
1176 2727 1194 2749 a
1211 2716 1439 2750 Constitutore
1454 2715 1718 2748 transformatam

1008 2781 1082 2804 esse
1100 2770 1261 2803 iudicavit.
1290 2770 1417 2803 Revera
1433 2769 1586 2813 particula
1599 2780 1617 2802 a
1631 2775 1720 2813 parte

1008 2826 1120 2868 capitis
1131 2825 1251 2868 reliqua
1259 2824 1408 2867 divergit.
1419 2823 1638 2857 Nihilominus
1648 2833 1720 2856 eam

1009 2879 1142 2911 duarum
1156 2889 1310 2911 manuum
1321 2888 1395 2911 esse
1403 2889 1471 2912 non
1483 2877 1721 2911 contenderim.

1528 2932 1591 2966 33*
