2457 3436
1113 381 1343 412 sintffloms.
1894 373 1968 412 181

473 483 519 517 et
547 476 756 518 resurrexit
791 483 830 518 et
862 476 972 519 sedet
1004 477 1045 518 in
1081 476 1238 519 dextera
1272 478 1444 528 increati,
1480 491 1596 531 super
1629 477 1728 520 hanc
1764 492 1903 532 aquam
1933 486 1971 520 et

476 541 556 582 hoc
594 540 744 584 oleum:
783 554 821 584 2.
858 541 997 596 largire
1031 543 1213 584 virtutem
1256 543 1465 584 curationis
1504 543 1545 584 in
1585 543 1653 584 has
1689 550 1893 594 creaturas,
1929 551 1971 585 ut

477 606 611 648 omnis
640 605 756 648 febris
790 614 830 648 et
857 620 980 648 omne
1008 606 1261 649 daemonium
1297 615 1335 649 et
1370 608 1501 649 omnis
1537 607 1698 649 morbus
1733 622 1802 662 per
1830 615 1968 662 potum

477 679 518 713 et
546 672 776 713 unctionem
805 679 1067 723 removeatur,
1104 679 1142 714 et
1176 671 1243 714 fiat
1277 672 1495 714 remedium
1533 673 1743 714 curationis
1779 680 1816 714 et
1845 687 1970 714 reme—

477 735 586 777 dium
617 737 847 791 integritatis
867 739 1068 792 perceptio
1094 737 1231 779 harum
1251 745 1511 779 creaturarum
1532 738 1572 779 in
1593 738 1756 779 nomine
1777 739 1968 792 unigeniti
2013 748 2034 781 5

475 802 533 842 tui
552 801 640 842 Iesu
660 801 817 853 Christi,
847 816 916 856 per
935 816 1053 857 quem
1081 802 1151 844 tibi
1170 802 1294 856 gloria
1321 810 1360 845 et
1380 803 1586 857 imperium
1614 803 1654 844 in
1674 811 1812 845 sancto
1832 803 1968 857 spiritu

475 866 516 907 in
548 866 683 908 omnia
711 866 860 908 saecula
888 866 1147 918 saeculorum,
1178 882 1305 909 amen.

1093 1051 1227 1093 XVIII
1278 1064 1314 1093 vi
1342 1084 1351 1093 .

573 1128 726 1169 Manus
753 1128 981 1179 impositio
1007 1131 1112 1179 post
1137 1051 1495 1171 benegigtionem
1523 1139 1669 1179 aquae
1698 1132 1746 1170 et
1773 1130 1873 1170 olel.

593 1226 625 1254 1.
661 1213 767 1254 Deus
793 1215 962 1255 veritatis
988 1227 1123 1255 amans
1154 1213 1374 1266 hominum,
1410 1222 1564 1256 maneat
1593 1228 1682 1256 cum
1713 1215 1790 1255 hoc
1820 1213 1967 1268 populo

474 1279 684 1319 communio
711 1279 872 1333 corporis
900 1286 934 1319 et
959 1280 1156 1332 sanguinis
1162 1294 1179 1329 ;
1213 1293 1380 1333 corpora
1415 1293 1554 1321 eorum
1583 1280 1660 1321 sint
1688 1280 1775 1321 viva
1803 1292 1967 1333 corpora
1994 1290 2034 1321 ιο

476 1350 516 1385 et
544 1344 696 1385 animae
726 1357 863 1385 eorum
884 1345 961 1385 sint
980 1343 1149 1385 mundae
1169 1345 1333 1386 animae.
1383 1357 1419 1386 2.
1449 1345 1509 1386 Da
1530 1345 1628 1386 hanc
1648 1343 1965 1386 benedictionem

474 1409 516 1449 in
557 1409 898 1450 conservationem
939 1409 1234 1450 communionis
1275 1417 1313 1451 et
1351 1410 1392 1451 in
1429 1410 1676 1451 securitatem
1716 1409 1967 1450 eucharistiae

475 1472 701 1523 celebratae,
720 1480 759 1514 et
777 1472 953 1515 beatifica
972 1473 1086 1515 simul
1105 1488 1247 1515 omnes
1266 1489 1309 1515 ac
1329 1474 1449 1516 redde
1468 1474 1613 1516 electos
1634 1488 1703 1528 per
1720 1474 1965 1528 unigenitum

475 1545 586 1580 tuum
608 1538 738 1579 Iesum
760 1538 961 1580 Christum
983 1540 1021 1580 in
1043 1547 1179 1580 sancto
1200 1540 1335 1594 spiritu
1363 1547 1401 1581 et
1421 1553 1525 1581 nunc
1545 1546 1583 1580 et
1602 1540 1641 1580 in
1662 1540 1798 1580 omnia
1816 1538 1966 1580 saecula

475 1603 736 1653 saeculorum,
765 1617 893 1645 amen.
1993 1614 2031 1645 15

1100 1765 1198 1807 XIX
1228 1764 1338 1820 (vn).

936 1842 1240 1884 sanctificatio
1269 1852 1506 1893 aquarum.

589 1940 621 1968 1.
659 1927 741 1969 Rex
777 1934 816 1969 et
850 1926 1012 1968 domine
1046 1928 1319 1969 universorum
1356 1935 1393 1969 et
1429 1935 1580 1969 creator
1614 1935 1860 1978 cunctorum,
1900 1928 1965 1982 qui

476 1992 589 2033 omni
618 1999 776 2034 naturae
806 2004 955 2034 creatae
984 2006 1052 2047 per
1081 1992 1381 2034 descensionem
1413 1993 1602 2047 unigeniti
1631 1993 1687 2034 tui
1713 1993 1799 2034 Iesu
1820 1992 1965 2034 Christi

474 2057 633 2110 largitus
669 2071 710 2098 es
744 2056 922 2108 salutem,
956 2058 1021 2112 qui
1056 2057 1256 2099 redemisti
1290 2057 1523 2111 figmentum
1560 2072 1582 2098 a
1616 2065 1655 2099 te
1691 2064 1862 2099 creatum
1897 2071 1966 2111 per

475 2121 686 2163 adventum
729 2121 835 2163 verbi
876 2123 931 2164 tui
972 2121 1189 2164 ineffabilis:
1231 2123 1366 2178 respice
1405 2136 1510 2164 nunc
1551 2136 1569 2162 e
1609 2122 1712 2163 caelo
1752 2130 1785 2163 et
1825 2124 1967 2163 intuere
1988 2132 2031 2163 20

475 2200 590 2241 super
625 2186 692 2228 has
720 2200 837 2241 aquas
872 2201 1013 2242 easque
1046 2187 1165 2242 imple
1200 2187 1335 2241 spiritu
1370 2195 1518 2229 sancto.
1579 2199 1614 2229 2.
1645 2186 1818 2228 Verbum
1853 2195 1966 2229 tuum

474 2250 666 2293 ineffabile
703 2252 742 2293 in
772 2252 827 2293 eis
857 2251 923 2294 fiat
952 2260 991 2294 et
1018 2251 1269 2294 transformet
1304 2267 1435 2294 earum
1474 2252 1553 2293 vim
1590 2266 1731 2306 easque
1766 2253 1965 2305 genetivas

476 2316 652 2357 instituat
681 2316 857 2372 impletas
886 2324 950 2359 tua
979 2318 1112 2371 gratia,
1143 2325 1185 2359 ut
1213 2318 1457 2372 mysterium,
1486 2315 1593 2372 quod
1622 2331 1726 2357 nunc
1755 2315 1964 2370 perficitur,

476 2395 559 2422 non
588 2382 702 2423 inane
731 2382 948 2424 inveniatur
977 2382 1016 2423 in
1037 2383 1106 2432 eis,
1135 2382 1201 2437 qui
1220 2389 1512 2436 regenerantur,
1541 2381 1610 2423 sed
1634 2380 1791 2434 impleat
1811 2395 1965 2431 omnes,

474 2575 549 2597 eam
561 2565 791 2598 renuntiationi
803 2571 835 2599 et
848 2566 993 2598 unctioni
1006 2565 1187 2609 baptizandi
1253 2577 1305 2611 qu.
1323 2567 1343 2599 8
1358 2566 1587 2609 interrogatus,
1612 2571 1683 2599 uter
1700 2565 1892 2610 presbytero
1909 2576 1963 2599 so-

474 2624 687 2662 postponunt,
710 2619 855 2663 itemque
878 2620 958 2653 ritus
981 2619 1103 2663 vulgati
1127 2629 1187 2663 po·
1253 2620 1358 2653 litatio
1387 2620 1428 2654 ad
1451 2619 1678 2663 baptizandum
1702 2625 1822 2653 vocato
1850 2620 1962 2653 obser-

473 2673 639 2706 steriores.
683 2673 809 2706 Auctor
837 2673 931 2707 seriei
955 2673 985 2706 11
1007 2673 1187 2718 Responsi-
1253 2673 1376 2707 vandus
1392 2673 1443 2715 sit,
1466 2679 1563 2718 atque
1578 2673 1751 2707 definiens:
1775 2673 1882 2707 Faciat
1901 2675 1963 2718 pri-

473 2737 575 2760 onum
603 2727 834 2761 canonicarum
858 2727 1039 2761 Timotheo
1062 2727 1113 2761 Al.
1138 2733 1185 2761 at-
1253 2738 1344 2761 mum
1384 2728 1666 2768 renuntiationem,
1710 2733 1782 2761 tum
1820 2727 1963 2771 perficiat

472 2781 622 2821 tributae,
666 2782 720 2826 qui
763 2781 973 2815 festivitatem
1010 2783 1185 2815 nativitatis
1253 2781 1543 2816 sanctificationem
1566 2792 1679 2826 aquae,
1704 2788 1736 2815 et
1754 2783 1797 2815 ita
1814 2782 1963 2826 baptizet.

472 2835 609 2868 Domini
633 2836 800 2879 cognitam
827 2835 951 2869 habens
974 2842 1049 2880 post
1065 2847 1186 2869 annum
1253 2835 1305 2869 Cf.
1329 2836 1424 2876 Pitra,
1452 2836 1534 2869 Iuris
1559 2836 1675 2870 eccles.
1700 2846 1808 2880 graec.
1833 2836 1905 2868 hist.
1931 2841 1963 2868 et

474 2898 538 2931 430
562 2889 701 2933 scripsit,
725 2889 765 2923 de
790 2895 928 2934 utroque
950 2891 1011 2924 ritu
1035 2890 1186 2934 loquitur,
1252 2900 1399 2923 monum.
1423 2890 1448 2930 Ι,
1471 2889 1545 2930 640.
