2457 3436
893 379 1213 410 consi-nmmum
1243 381 1518 411 APOSTOLORUE.
1778 370 1955 413 XXXIII

452 473 666 517 adversari:
698 475 793 517 nihil
822 475 1001 517 dicentes
1029 474 1079 517 de
1107 477 1276 530 primatu
1305 491 1445 531 papae,
1482 478 1752 531 prohibentes,
1788 492 1838 519 ne
1867 479 1952 533 quis

455 547 631 582 vescatur
658 540 860 582 suffocatis
891 549 930 582 et
960 542 1163 595 sanguine,
1192 555 1244 583 ne
1272 543 1357 596 quis
1385 542 1544 584 sabbato
1574 545 1719 585 ieiunet
1747 551 1820 585 etc.
1870 543 1950 585 Co-

461 603 551 646 dicis
564 607 717 647 mentio
737 605 780 647 fit
799 606 840 647 in
863 605 1058 659 Catalogo
1078 605 1340 648 Bibliothecae
1355 608 1950 663 Hierosolymitanae1(1891),

469 681 560 723 494;
598 671 637 712 in
671 671 867 725 Catalogo
903 670 1085 712 codicum
1125 685 1355 724 graecorum
1397 673 1435 713 in
1478 672 1709 714 collectione
1744 674 1950 728 Porphyrii

476 744 778 777 conservatorum
808 750 846 790 p.
876 737 915 786 6,
944 750 1062 793 quem
1090 735 1286 788 Jernstfidt
1313 751 1347 778 a.
1384 738 1482 790 1885
1514 737 1713 792 Petropoli
1744 737 1875 779 edidit.

579 803 633 842 16.
667 800 955 842 Bodleianus
990 800 1153 842 Miscell.
1185 813 1259 855 204
1299 801 1374 856 (εε-
1403 801 1464 856 ο),
1504 802 1600 844 olim
1639 803 1805 844 Meerm.
1834 803 1948 844 Auct.

488 863 532 905 T.
552 877 583 906 2.
607 881 643 919 4,
668 866 961 907 Meermannius
995 879 1082 918 115,
1111 865 1444 908 claromontanus
1476 879 1539 920 53,
1569 868 1609 908 in
1638 874 1789 922 quarto,
1826 882 1950 909 mem·

494 928 686 981 branaceus,
727 931 913 972 foliorum
947 931 1045 984 184,
1082 945 1183 973 saec.
1223 931 1300 981 XI,
1340 931 1439 973 binis
1482 932 1676 973 columnis
1719 932 1948 987 descriptus,

500 993 605 1036 litteris
628 995 826 1037 initialibus
864 997 1017 1037 curiose
1046 996 1208 1037 exaratis
1242 1002 1280 1037 et
1315 996 1517 1046 coloratis,
1555 997 1750 1052 utrimque
1779 998 1947 1039 mutilus.

507 1060 773 1102 Constitutiones
802 1060 1073 1115 apostolorum
1104 1061 1245 1111 1-V1‚
1276 1074 1340 1114 23,
1375 1074 1390 1102 1
1423 1060 1627 1102 traduntur
1654 1060 1721 1103 fol.
1746 1063 1946 1116 91—184.

509 1124 664 1180 Scriptura,
692 1125 804 1167 titulo
833 1139 981 1176 carens,
1011 1126 1144 1180 incipit
1173 1125 1220 1167 ab
1240 1126 1494 1180 inscriptione
1523 1125 1606 1167 libri
1637 1126 1763 1180 primi.
1812 1126 1947 1182 Itaque

511 1188 606 1239 Coxe,
635 1190 804 1244 Catalogi
843 1190 959 1232 codd.
999 1204 1116 1232 mscr.
1154 1190 1416 1232 Bibliothecae
1455 1190 1688 1232 Bodleianae
1727 1191 1745 1232 I
1781 1191 1946 1246 (1853),

513 1264 581 1305 759,
599 1268 697 1309 aeque
725 1269 769 1297 ac
789 1264 925 1297 auctor
944 1255 1519 1306 BibliothecaeMeermanniae
1550 1257 1653 1309 1824
1681 1256 1750 1306 IV,
1777 1267 1837 1307 15,
1858 1268 1945 1297 eam

515 1316 744 1361 Institutionem
775 1320 1006 1362 catholicam
1034 1320 1262 1374 designavit.
1320 1320 1438 1362 Unde
1470 1322 1614 1370 evenit,
1645 1328 1686 1362 ut
1714 1334 1857 1362 omnes
1878 1320 1943 1361 diu

515 1380 631 1435 fugeret,
653 1399 743 1440 quae
762 1393 866 1427 esset
893 1385 955 1427 illa
973 1387 1169 1439 scriptura.
1225 1386 1382 1427 Nostris
1402 1385 1563 1427 demum
1588 1385 1722 1427 diebus
1743 1385 1785 1427 E.
1807 1385 1944 1427 Nestle

518 1460 579 1488 eam
599 1448 890 1492 Constitutiones
926 1450 1196 1504 apostolorum
1232 1465 1318 1492 esse
1352 1451 1578 1505 perspexit.¹
1635 1451 1799 1504 Accepit
1827 1450 1944 1492 colla-

516 1512 622 1555 tionem
636 1516 784 1566 codicis,
800 1530 917 1571 quam
933 1516 1166 1571 Conybeare
1188 1517 1365 1567 instituit,
1384 1530 1548 1571 eamque
1565 1516 1829 1558 liberalissime
1848 1516 1944 1556 mihi

518 1581 770 1623 communicavit.
826 1581 996 1635 Singulis
1025 1581 1365 1623 Constitutionurn
1393 1581 1497 1622 libris
1530 1582 1729 1634 inscriptio
1769 1580 1944 1621 indicans

518 1654 653 1686 summam
673 1653 708 1687 et
726 1659 937 1687 numerum
958 1645 1041 1687 libri
1069 1645 1128 1687 vel
1159 1650 1232 1687 τοῦ
1253 1645 1394 1698 λόγου,
1424 1659 1499 1700 qua
1527 1659 1627 1687 voce
1656 1645 1782 1687 codex
1803 1644 1942 1686 librum

519 1704 652 1760 designat,
678 1709 843 1765 praefixa
875 1718 945 1752 est.
1001 1709 1117 1752 Liber
1144 1710 1160 1751 1
1189 1725 1248 1752 ex.
1278 1725 1336 1764 gr.
1366 1709 1606 1752 inscribitur:
1645 1710 1860 1763 Καθολικὴ
1891 1711 1945 1750 δι·

518 1771 655 1816 deunana
677 1778 768 1828 περὶ
797 1779 958 1817 λαῖκοόν
993 1775 1115 1829 λόγος
1143 1782 1181 1817 ᾶ.
1237 1775 1364 1817 Modo
1394 1776 1432 1817 in
1470 1776 1570 1817 libro
1598 1775 1633 1817 11
1669 1789 1856 1817 numerus
1884 1775 1946 1816 vel

519 1833 644 1889 1670ςῇ
670 1840 789 1882 deest.
859 1841 1027 1882 Litterae
1075 1841 1238 1883 initiales
1292 1855 1405 1895 supra
1453 1849 1692 1882 memoratae
1739 1840 1942 1883 exordium

518 1901 722 1957 pericoparum
745 1905 926 1947 brevium
949 1905 1120 1947 indicant
1140 1913 1255 1960 atque
1275 1905 1431 1947 crebrae
1449 1913 1553 1956 sunt,
1583 1907 1621 1946 in
1643 1907 1767 1959 capite
1787 1905 1804 1946 Ι
1822 1905 1906 1946 libri
1929 1905 1946 1946 1

518 1976 558 2004 eL
576 1980 616 2019 gr.
637 1984 707 2012 sex.
766 1970 909 2012 Codex
944 1970 1162 2012 simillimus
1197 1978 1255 2013 est
1290 1970 1387 2012 libro
1416 1972 1607 2012 Vaticano
1639 1972 1743 2012 2088
1774 1971 1848 2025 (=
1878 1970 1943 2025 b);

517 2041 571 2070 ⁰0¹1
590 2033 690 2076 solum
721 2035 882 2077 easdem
912 2034 993 2077 fere
1020 2035 1209 2077 lectiones
1239 2036 1375 2085 habet,
1405 2036 1472 2078 sed
1504 2037 1618 2077 etiam
1648 2050 1771 2091 aeque
1807 2050 1851 2077 ac
1882 2036 1944 2076 hic

517 2096 618 2138 mendis
632 2101 940 2155 orthographicis
960 2107 1093 2151 scatet,
1110 2116 1145 2141 ω
1160 2109 1199 2143 et
1219 2116 1243 2143 o
1256 2102 1480 2156 saepissime
1501 2100 1759 2151 confundens,
1776 2116 1794 2142 ε
1813 2114 1884 2156 pro
1903 2117 1944 2142 αι

515 2176 623 2219 (π”οὗ
640 2187 811 2230 μέμνηται
837 2189 972 2226 παῦλος
995 2185 1035 2221 ἐν
1056 2192 1133 2227 ταῖς
1156 2186 1360 2227 ἐπιστολαῖς
1382 2184 1493 2222 αὐτοῦ
1515 2187 1644 2230 λέγων·
1668 2186 1881 2230 συνέπεμψα
1906 2188 1944 2221 δὲ

513 2232 573 2271 nm*
587 2237 710 2283 τούτων,
741 2239 807 2274 τὸν
835 2237 993 2282 ἀδελφὸν
1020 2233 1063 2275 οὗ
1093 2237 1113 2274 ὅ
1143 2238 1288 2280 ἔπαινος
1315 2240 1355 2275 ἐν
1382 2244 1445 2274 τῶι
1471 2237 1703 2284 ευαγγελίωι·
1736 2243 1798 2274 καὶ
1822 2238 1943 2274 πάλη

514 2282 649 2332 ’Μᾶζεται
671 2292 765 2337 ὑμᾶς
788 2297 922 2334 λουκᾶς
944 2290 964 2328 ὃ
990 2289 1151 2337 ἰατρόςς

581 2359 610 2384 ις.
630 2346 774 2392 Μάρκος
804 2345 824 2383 ὃ
849 2347 1120 2392 ευαγγελιστὴς·
1151 2361 1256 2389 ουτος
1286 2347 1325 2383 ἐν
1353 2352 1408 2392 τῆι
1437 2347 1614 2392 αι’γὺπτωι
1644 2354 1721 2388 ταῖς
1749 2352 1788 2392 ιβ
1818 2352 1946 2390 φυὶαῖς

513 2400 561 2435 1⁸²3
580 2398 607 2433 ἓν
628 2405 675 2446 τῆι
706 2405 918 2446 διασπορᾶι·
949 2401 1141 2446 κηρύσσων
1167 2401 1232 2446 τὴν
1259 2404 1388 2437 πίστιν.
1433 2405 1650 2437 καθίσταται
1680 2401 1878 2441 ἐπίσκοπος
1906 2401 1946 2436 ἐι

512 2443 694 2497 “hiumam
719 2460 777 2499 τῆι
801 2459 972 2500 μεγαληι·
1004 2453 1044 2496 ὃ,
1066 2459 1127 2490 καὶ
1152 2454 1191 2490 τὸ
1215 2453 1427 2499 ευαγγέλιον
1449 2457 1668 2500 συνέγραψε,
1699 2468 1748 2495 ως
1769 2456 1899 2499 πέτρος
1924 2453 1944 2489 ὁ

512 2498 651 2550 cadonato,
670 2508 783 2545 αυτῶι
808 2506 1037 2554 ὑφηγήσατο·
1063 2507 1105 2545 ὃν
1120 2512 1180 2545 καὶ
1199 2508 1277 2545 υἱὸν
1294 2508 1463 2553 όνομιὶζει
1488 2509 1527 2544 ἐν
1548 2514 1603 2553 τῆι
1627 2510 1808 2553 ἐπιστολῆι
1834 2506 1944 2543 αὐτοῦ

512 2553 628 2603 Πέτρος
646 2577 759 2605 ουτως
782 2565 914 2608 λέγων·
938 2561 1135 2607 ἀσπάζεται
1159 2561 1264 2607 ὑμᾶς,
1287 2563 1427 2608 μάρκος
1449 2577 1469 2598 0
1495 2563 1570 2604 ιιὸς
1591 2568 1662 2607 μοῦ
1686 2577 1713 2597 ·:-

587 2614 648 2652 ··“0
672 2620 740 2660 μὲν
768 2620 938 2660 φίλιππος
966 2615 986 2652 ὃ
1015 2616 1087 2652 ἀπὸ
1109 2617 1308 2662 βηθσαιδὰ,
1337 2624 1452 2652 κεῖται
1478 2618 1517 2652 ἐν
1539 2616 1737 2660 ὶεραπόλει,
1766 2613 1858 2652 ὅπου
1883 2619 1945 2651 καὶ

511 2660 664 2715 ἐπηρώθη
693 2684 712 2707 z-
745 2669 767 2707 ὁ
797 2672 836 2707 δὲ
866 2672 918 2712 εἰς
944 2671 1027 2712 τοὺς
1056 2671 1294 2717 ἑβδομή-(οντα
1324 2674 1493 2714 φίλιππος
1522 2669 1574 2711 εἷς
1605 2685 1656 2705 ων
1686 2671 1725 2706 ἐκ
1754 2684 1826 2706 twa·
1856 2670 1944 2706 ἑπτὰ

511 2718 645 2758 διακόνων·
671 2724 691 2761 ὁ
714 2729 777 2761 καὶ
802 2725 865 2761 τὸν
887 2724 1068 2770 κανδιέκην
1088 2729 1269 2770 βαπτίσας
1298 2726 1501 2770 θυγατέρας
1531 2724 1636 2769 ἔσχεν
1658 2726 1849 2768 τέσσαρας·
1885 2726 1946 2758 καὶ

511 2777 588 2809 κεῖται
608 2778 641 2813 ἐν
664 2780 772 2824 τρᾰλη
801 2784 863 2823 τῆς
890 2779 994 2820 αἰσία,-
1020 2779 1112 2823 μετὰ
1146 2782 1204 2815 καὶ
1234 2784 1307 2814 τῶν
1332 2781 1542 2824 θυγατέρων
1565 2778 1688 2821 αὐτοῦ,
1714 2774 1870 2821 ὕστερον
1893 2778 1945 2820 δὲ,

510 2831 696 2876 μετετέθησαν
718 2847 748 2868 ·:-

584 2886 651 2920 ¹OE
676 2889 891 2933 Umlogische
913 2889 1202 2932 Licet-atmzeilung
1230 2889 1311 2932 1899
1335 2900 1365 2932 p.
1391 2898 1451 2931 207
1463 2898 1571 2932 ---209.
