2457 3436
850 278 1117 308 APos'rommm
1144 278 1224 315 vm,
1247 280 1300 316 47,
1323 280 1461 311 51-54.
1823 269 1901 307 581

427 374 614 429 baptizate,
641 374 731 416 sed:
760 374 898 416 Euntes
916 374 1037 416 docete
1055 388 1178 415 omnes
1194 381 1332 428 gentes,
1362 374 1592 431 baptizantes
1610 387 1668 415 eos
1695 374 1733 415 in
1757 375 1903 415 nomine

422 441 526 491 patris
554 447 590 480 et
611 438 695 494 filii
720 447 754 480 et
780 440 932 494 spiritus
958 440 1091 481 sancti.

518 516 584 557 51.
615 504 657 546 Si
685 505 772 559 quis
791 505 998 558 episcopus
1026 511 1092 546 aut
1120 502 1321 558 presbyter
1349 511 1414 546 aut
1433 503 1621 545 diaconus
1650 511 1715 544 aut
1743 503 1902 558 quilibet

423 582 440 610 e
461 583 631 611 numero
659 570 891 611 clericorum
921 570 1065 623 nuptiis
1085 577 1125 611 et
1152 568 1330 611 carnibus
1359 576 1398 610 et
1416 569 1510 610 vino
1540 583 1582 610 se
1611 568 1788 632 abstinet,
1819 582 1902 610 non

422 641 570 688 propter
599 635 934 685 exercitationem,
969 633 1038 676 sed
1067 641 1228 689 propter
1255 633 1568 684 detestationem,
1602 618 1758 683 oblitus,
1795 633 1901 688 quod

424 700 535 740 omnia
553 698 671 740 valde
696 699 792 741 bona
812 707 852 741 et
871 698 978 754 quod
996 698 1206 740 masculum
1230 706 1264 740 et
1272 700 1464 753 feminam
1476 698 1573 752 fecit
1584 698 1690 740 Deus
1707 698 1903 748 hominem,

425 763 480 805 sed
506 763 781 818 blasphemans
800 771 954 806 accusat
982 764 1237 814 creationem,
1265 771 1332 806 aut
1351 764 1567 817 corrigatur
1595 770 1661 805 aut
1686 762 1904 817 deponatur

428 835 456 870 et
480 843 526 870 ex
554 828 720 870 ecclesia
747 829 925 880 eiciatur;
955 828 1131 870 similiter
1160 836 1200 870 et
1227 828 1357 870 laicus.

519 905 584 945 52.
614 893 657 935 Si
685 895 770 949 quis
799 894 1005 948 episcopus
1035 893 1096 935 vel
1124 893 1326 948 presbyter
1354 908 1460 944 eum,
1495 894 1561 949 qui
1591 907 1632 934 se
1662 894 1855 934 convertit
1882 906 1904 934 a

427 966 587 1011 peccato,
607 972 692 1000 non
711 959 862 1014 recipit,
880 958 950 1000 sed
971 959 1073 1009 eicit,
1102 958 1332 1012 deponatur,
1361 959 1449 1013 quia
1468 959 1671 1000 contristat
1689 958 1902 1008 Christum,

421 1024 480 1077 qui
505 1022 620 1065 dixit:
654 1023 846 1066 Gaudium
876 1025 997 1064 oritur
1031 1024 1071 1064 in
1099 1023 1201 1064 caelo
1227 1031 1338 1078 super
1366 1037 1440 1064 uno
1460 1030 1654 1078 peccatore
1680 1024 1901 1077 paenitente.

520 1100 585 1142 53.
613 1088 653 1130 Si
684 1089 769 1143 quis
798 1090 1007 1145 episcopus
1041 1095 1106 1130 aut
1141 1088 1343 1143 presbyter
1375 1095 1441 1129 aut
1474 1087 1662 1130 diaconus
1696 1089 1736 1129 in
1768 1087 1903 1129 diebus

416 1150 518 1195 festis
545 1167 628 1194 non
655 1154 775 1195 sumit
803 1167 961 1196 carnem
992 1161 1031 1195 et
1049 1154 1199 1204 vinum,
1228 1153 1460 1208 deponatur,
1489 1160 1532 1194 ut
1559 1154 1624 1208 qui
1653 1153 1902 1194 cauteriatam

417 1215 521 1259 babet
548 1220 809 1260 conscientiam
840 1218 1049 1273 multisque
1078 1232 1191 1261 causa
1219 1219 1269 1260 sit
1296 1218 1477 1260 scandali.

521 1295 585 1336 54.
614 1283 656 1325 Si
684 1284 771 1338 quis
790 1283 951 1326 clericus
980 1284 1019 1324 in
1039 1297 1217 1337 caupona
1246 1283 1460 1325 comedens
1481 1282 1746 1337 deprehensus
1775 1281 1902 1332 fuerit,

416 1355 653 1402 segregetur,
682 1356 953 1403 praeterquam
982 1348 1089 1403 quod
1119 1363 1166 1391 ex
1194 1349 1424 1391 necessitate
1454 1349 1493 1389 in
1522 1349 1660 1389 itinere
1680 1346 1834 1388 divertit
1864 1347 1902 1388 in

417 1410 639 1467 hospitium.

419 1501 617 1542 προσηλῶν·
646 1495 667 1533 ὃ
696 1499 736 1534 δὲ
763 1497 828 1533 τὸν
849 1497 929 1534 υἱὸν
949 1496 1172 1544 ἀρνούμενος
1197 1506 1259 1533 τον
1280 1501 1463 1542 μονογενῆ
1486 1495 1529 1532 δι’
1553 1494 1646 1541 ἡμᾶς
1667 1500 1904 1541 σαρκωθῆναι

423 1553 477 1586 καὶ
494 1550 652 1596 σταυρὸν
672 1548 986 1596 ὑπομεμενηκέναι
1010 1549 1195 1596 θεομάχοι·
1217 1551 1294 1588 ἐστὶ
1317 1554 1464 1587 καὶτῶν
1479 1548 1596 1596 ἁγίων
1612 1551 1797 1594 πολέμιος·
1822 1547 1843 1585 ὃ
1866 1551 1905 1586 δὲ

422 1603 458 1640 τὸ
477 1609 615 1649 πνεῦμα
631 1604 674 1642 τὸ
690 1600 797 1651 ἅγιον
809 1607 947 1649 πατέρα
962 1604 1152 1652 ὀνομάζφν
1170 1604 1191 1650 ἢ
1207 1605 1285 1642 υἱὸν
1299 1603 1553 1649 ἀνεπιστήμων
1567 1604 1644 1641 ἐστὶ
1662 1607 1724 1639 καὶ
1737 1603 1904 1649 ἅνόητος’

423 1655 442 1694 ὅ
460 1659 524 1705 γὰρ
547 1658 625 1701 υἱός
646 1659 932 1706 συνδημιουργὸς
952 1664 1005 1707 τῷ
1028 1663 1136 1705 πατρὶ
1158 1663 1221 1695 καὶ
1242 1658 1443 1705 σύνθρονος
1466 1661 1529 1694 καὶ
1552 1659 1818 1703 συννομοθέτης
1840 1661 1903 1693 καὶ

423 1712 533 1758 κριτὴς
564 1716 629 1749 καὶ
657 1717 724 1759 τῆς
756 1712 989 1755 ἀναστάσεως
1018 1713 1146 1758 αἴτιος,
1178 1716 1239 1749 καὶ
1267 1712 1308 1749 τὸ
1337 1718 1478 1757 πνεῦμα
1506 1711 1548 1749 τὸ
1577 1709 1682 1758 ἅγιον
1710 1710 1906 1757 ὄμοούσιον

426 1765 576 1812 offirma·
600 1765 659 1811 ἐφ’
675 1764 779 1812 ἡμῶν
793 1767 862 1813 γὰρ
878 1770 1005 1812 Σίμων
1026 1764 1046 1803 ὃ
1069 1767 1187 1813 μάγος
1201 1765 1430 1812 ἐξηρεὺξατο,
1454 1766 1594 1808 σπάσας
1610 1771 1660 1813 τῷ
1678 1771 1753 1814 λαῷ
1771 1765 1906 1802 πλάνον

426 1824 475 1856 καὶ
495 1818 653 1859 ἄστατον
675 1824 738 1858 καὶ
760 1821 917 1867 πονηρὸν
939 1821 992 1863 εἷς
1015 1820 1144 1858 ἑαυτὸν
1174 1820 1216 1856 τὸ
1238 1826 1393 1865 πνεῦμα,
1424 1823 1485 1857 καὶ
1515 1820 1575 1857 ἕνα
1605 1819 1785 1864 τιιιὶνυμον
1813 1818 1905 1856 εἶναι

428 1874 619 1921 φλυσρὴσας
639 1877 705 1912 τὸν
721 1874 825 1920 θεόν,
848 1877 936 1912 ποτε
958 1877 998 1912 δὲ
1021 1879 1083 1911 καὶ
1105 1874 1147 1911 τὸ
1162 1873 1283 1916 πάθος
1306 1880 1369 1912 τοῦ
1389 1878 1548 1920 Χριστοῦ
1571 1878 1632 1911 καὶ
1655 1875 1720 1919 τὴν
1742 1875 1908 1920 γέννησιν

428 1929 626 1976 περικόψας.
670 1926 775 1974 ὑμεῖς
797 1925 874 1974 οὖν,
908 1926 937 1966 ὦ
962 1929 1167 1973 ἐπίσκοποι,
1197 1931 1249 1971 εἰς
1278 1929 1339 1966 ἕνα
1367 1931 1505 1973 πατέρα
1533 1932 1595 1965 καὶ
1618 1929 1697 1965 υἱὸν
1716 1932 1778 1965 καὶ
1801 1924 1908 1974 ἅγιον

430 1988 550 2028 πνεῦμα
572 1987 698 2029 τρίτον
717 1986 920 2029 βαπτίσατε
943 1983 1034 2019 κατὰ
1058 1983 1123 2029 τὴν
1146 1988 1209 2020 τοῦ
1232 1986 1361 2028 κυρίου
1384 1982 1530 2028 γνώμην
1557 1986 1619 2019 καὶ
1642 1983 1707 2028 τὴν
1728 1981 1907 2028 ἡμετέραν

431 2035 459 2070 ἒν
472 2037 649 2083 πνεύματι
666 2036 836 2080 διάταξιν.
857 2041 862 2079 Ι
880 2042 903 2075 6
925 2037 983 2073 διὰ
999 2043 1042 2079 >
1059 2050 1078 2072 a
1099 2041 1105 2081 Ι
1124 2036 1454 2081 ἐπιλανθανόμενος
1469 2050 1487 2072 a
1506 2040 1512 2082 Ι
1532 2042 1553 2074 6
1577 2035 1687 2082 ἄρρεν
1710 2050 1728 2072 a
1749 2041 1753 2080 Ι
1773 2043 1794 2074 8
1816 2036 1905 2073 ‹ino-

428 2092 585 2133 βαλέσθαι
608 2106 645 2136 κ,
670 2091 909 2138 &aestuatio-⁹01
932 2094 953 2127 d
978 2096 984 2135 Ι
1011 2097 1052 2128 10
1074 2091 1323 2137 πρεσβύτερος
1348 2096 1384 2133 -Ι-
1411 2090 1579 2133 διάκονος
1601 2094 1621 2126 d
1641 2096 1645 2133 Ι
1668 2098 1706 2128 11
1731 2091 1819 2127 ἀλλὰ
1842 2104 1861 2126 a
1885 2104 1905 2137 p

429 2144 476 2192 ἔτι
498 2159 553 2182 x·
543 2145 654 2182 ,ἀλλ’
677 2147 750 2190 rell
772 2151 813 2182 12
835 2145 898 2182 τὸν
919 2159 957 2192 pr
979 2158 999 2181 a
1020 2148 1041 2181 d
1063 2160 1088 2190 μ
1113 2148 1150 2181 1
1175 2145 1391 2190 >τεῙΙτὸν
1413 2158 1468 2181 sec
1490 2152 1568 2187 >a
1590 2150 1594 2189 Ι
1615 2145 1761 2182 εἰπόντα
1788 2151 1824 2187 -Ι-
1851 2141 1906 2181 ότι

423 2196 803 2246 ἆαῙΙέν-Ι-τῶδη
824 2202 828 2243 Ι
849 2205 890 2236 15
911 2199 1185 2245 μεταλαμβάνοι
1208 2202 1228 2235 d
1249 2204 1253 2242 Ι
1274 2203 1360 2235 xal:
1385 2199 1621 2244 ἢάΙΙοῖνου
1643 2201 1905 2235 ελὸὃΙΕΑε

419 2253 453 2292 ’1-
469 2252 765 2300 βδελυσσόμενος
779 2249 841 2290 καὶ
856 2267 898 2291 ου
914 2252 959 2290 δι’
975 2251 1127 2299 ἄσκησιν
1148 2255 1196 2290 rel
1216 2257 1220 2297 Ι
1243 2259 1283 2290 16
1297 2253 1361 2298 τὴν
1378 2267 1396 2289 a
1414 2255 1460 2289 d:
1479 2259 1516 2296 -Ι-
1536 2256 1628 2290 ἰδίαν
1643 2267 1663 2299 p
1680 2255 1709 2288 Κ
1726 2256 1740 2288 1
1763 2255 1778 2288 1
1794 2255 1881 2288 Tim.
1900 2255 1904 2297 Ι

411 2306 454 2342 17
476 2321 674 2354 γενομενος
695 2310 716 2343 d
738 2312 765 2354 β
787 2312 820 2352 λ,
851 2311 987 2353 γίνεται
1011 2321 1031 2354 p
1063 2311 1068 2352 Ι
1102 2312 1142 2345 18
1164 2312 1323 2353 φωραθῇ
1351 2320 1370 2343 a
1393 2320 1413 2353 p
1438 2312 1487 2351 ζε
1516 2311 1618 2353 ·θείη
1643 2309 1689 2342 rel
1721 2310 1725 2350 Ι
1757 2313 1796 2343 19
1820 2320 1907 2342 παν-

400 2358 547 2411 δοκείῳ
564 2367 603 2405 -Ι-
622 2365 687 2398 καὶ
708 2363 731 2397 d
745 2366 815 2406 εζ
834 2365 839 2405 Ι
858 2360 904 2398 δι’
919 2361 1080 2407 α’νάγκην
1103 2370 1177 2408 post
1200 2366 1325 2398 καταλ.
1347 2367 1374 2407 β
1398 2365 1442 2406 γΙ
1464 2360 1656 2398 καταλύειν
1678 2374 1697 2396 a
1721 2363 1741 2396 d
1765 2375 1772 2395 ι
1796 2375 1906 2397 κατα-

398 2413 588 2458 λῦσαντος
608 2421 637 2462 β
659 2420 692 2459 δ,
714 2414 957 2458 καταλύοντος
979 2418 1026 2451 iel

459 2503 1129 2559 5¹‹Cf·V1.8.2;10'‚2;¹1‚5—6;26‚3-
1198 2525 1255 2559 393
1282 2526 1309 2549 c.
1335 2514 1391 2548 26:
1426 2515 1472 2549 Ut
1501 2514 1609 2548 clerici
1638 2514 1755 2548 edendi
1785 2513 1836 2547 vel
1859 2514 1907 2546 bi-

456 2579 509 2613 52..
532 2569 586 2610 CL
607 2569 648 2610 11,
674 2569 813 2603 12—18.
1195 2569 1293 2603 bendi
1315 2579 1413 2603 causa
1436 2569 1586 2603 tabernas
1602 2579 1669 2602 non
1687 2568 1908 2612 ingrediantur

460 2633 509 2667 53.
524 2623 694 2666 Sentmtia
705 2623 826 2667 legitur
837 2623 877 2665 V,
892 2632 942 2663 ιο,
958 2633 1006 2668 19.
1020 2623 1128 2657 Verba
1195 2624 1256 2657 nisi
1275 2623 1545 2667 peregrinationis
1564 2623 1758 2656 necessitate
1774 2622 1907 2665 (Mansi,

386 2675 526 2718 εῑῖτιος
540 2675 746 2717 σκανδάλου
764 2677 969 2712 Constitutor
982 2678 1022 2718 11,
1044 2688 1092 2719 ιο,
1113 2689 1123 2711 1
1196 2677 1323 2711 Concil.
1348 2676 1420 2711 coll.
1444 2676 1499 2716 111,
1520 2678 1610 2720 923).
1649 2676 1799 2721 Synodus
1823 2676 1906 2710 Lao-

389 2722 638 2776 inter-polavit..
1196 2732 1309 2766 dicena
1326 2742 1352 2764 c.
1368 2740 1408 2771 24
1425 2732 1591 2764 universe:
1609 2725 1661 2764 ὅτι
1680 2729 1722 2765 οὐ
1738 2733 1796 2764 δεῖ
1812 2730 1908 2773 ἱερα-

467 2793 510 2826 ς4.
541 2785 699 2820 Similiter
731 2785 879 2830 synodus
907 2785 1128 2830 Hipponensis
1196 2784 1316 2825 τικοὺς
1332 2812 1340 2819 .
1359 2812 1366 2819 .
1384 2811 1392 2819 .
1412 2812 1419 2819 .
1438 2785 1490 2824 εἰς
1512 2788 1708 2828 καπηλεῖον
1732 2784 1892 2819 εἰσιέναι.

1929 967 1970 998 10

1929 1290 1969 1321 15
