2457 3436
1000 273 1202 304 pampano
1230 274 1276 303 ΕΤ
1306 274 1466 303 nurum.
1898 264 1970 302 121

471 378 518 412 et
539 371 689 412 ostiarii
709 378 747 412 et
766 371 934 424 populus
954 370 1123 424 reliquus
1143 370 1344 412 audientes
1364 369 1527 412 verbum
1549 370 1738 423 evangelii
1758 384 1848 411 cum
1868 384 1976 412 vere·

470 434 636 476 cundia.
683 450 721 489 4.
751 434 797 476 Et
822 434 1056 489 perfecimus
1077 436 1402 477 constitutionem
1423 448 1619 476 canonum
1643 448 1790 489 eosque
1810 435 1977 476 colloca-

471 501 610 541 vimus
629 501 669 540 in
685 500 857 541 ecclesia.
887 500 972 541 Hos
994 514 1097 541 nunc
1119 507 1158 541 et
1172 500 1274 541 bunc
1286 499 1427 541 librum
1440 499 1604 541 alterum
1620 499 1833 550 doctrinae,
1856 514 1974 554 quem

474 565 722 619 scripsimus,
752 565 929 606 misimus
959 579 1027 619 per
1056 564 1306 606 Clementem
1336 565 1487 606 socium
1517 572 1711 615 nostrum,
1747 573 1789 606 ut
1817 572 1906 606 eant
1935 566 1974 606 in

476 630 710 670 universum
739 629 945 680 mundum,
975 636 1018 670 ut
1045 628 1207 672 audiatis
1236 629 1430 680 mandata,
1459 630 1648 672 Nazareni
1669 643 1822 680 omnes,
1852 629 1892 671 id
1918 638 1977 672 est

482 694 711 744 Christiani,
741 694 808 748 qui
837 694 929 735 estis
958 693 1029 735 sub
1058 694 1155 744 sole,
1186 702 1227 736 ut
1247 694 1453 747 diligenter
1473 694 1714 736 erudiamini.
1769 706 1804 746 5.
1835 694 1883 736 Et
1910 695 1976 748 qui

480 759 588 801 audit
618 767 655 800 et
683 767 809 800 servat
838 758 1019 800 mandata
1048 760 1087 800 in
1113 760 1169 800 eis
1191 760 1346 813 scripta,
1377 760 1411 800 ei
1432 760 1504 800 erit
1523 759 1598 801 vita
1627 767 1783 801 aeterna
1813 767 1851 801 et
1881 773 1975 800 con-

483 824 653 865 versatio
684 838 773 864 cum
803 824 982 865 Domino
1012 832 1150 865 nostro
1179 824 1266 865 Iesu
1296 824 1468 875 Christo,
1506 825 1571 879 qui
1599 838 1673 866 nos
1703 838 1861 877 capaces
1891 824 1976 865 red-

484 888 581 930 didit
611 888 724 929 huius
754 889 885 942 magni
915 889 973 930 sui
1004 889 1198 943 mysterii3
1235 896 1272 930 et
1306 890 1372 943 qui
1406 889 1549 930 resistit
1584 897 1622 930 et
1651 903 1695 930 ea
1725 903 1806 929 non
1835 897 1975 939 servat,

484 968 575 995 eum
607 954 696 995 eicit
723 961 904 1008 tanquam
935 953 1134 1004 rebellem,
1164 954 1322 1008 eiusque
1353 953 1610 995 habitaculum
1642 963 1700 995 est
1727 953 1906 1007 gehenna
1936 954 1976 993 in

483 1026 702 1068 aeternum,
731 1019 831 1060 sicut
849 1019 1035 1072 scriptum
1057 1025 1133 1060 est:
1162 1018 1277 1059 Mala
1287 1019 1474 1073 facientes
1502 1018 1607 1060 ibunt
1626 1020 1664 1059 in
1676 1027 1836 1073 poenam
1856 1025 1976 1059 aeter-

484 1097 573 1124 nam
595 1091 628 1124 et
648 1082 744 1124 bona
760 1084 941 1135 facientes
960 1084 999 1124 in
1017 1084 1137 1124 vitam
1166 1091 1357 1124 aeternam
1386 1084 1425 1124 in
1454 1097 1579 1137 regno
1609 1083 1819 1134 caelorum,
1848 1097 1976 1124 amen.

1092 1148 1112 1167 ἢ
1356 1148 1376 1167 ἢ

1223 1183 1245 1202 {¹

594 1215 631 1254 6.
667 1213 825 1255 Initium
861 1226 989 1254 sacrae
1018 1212 1257 1254 Didascaliae
1292 1213 1340 1255 ab
1374 1212 1561 1266 apostolis
1599 1221 1638 1254 et
1671 1212 1905 1268 presbyteris
1940 1220 1978 1254 et

484 1277 712 1319 doctoribus
748 1277 901 1332 (datae)
942 1279 1149 1333 unicuique
1186 1292 1207 1319 e
1241 1277 1422 1332 gentibus
1466 1277 1639 1320 credenti
1681 1278 1720 1318 in
1755 1278 1976 1319 Dominum

484 1350 663 1385 nostrum
693 1343 821 1384 Iesum
853 1343 1067 1385 Christum.
1116 1355 1152 1396 7.
1184 1343 1315 1385 Gratia
1345 1349 1382 1384 et
1411 1357 1485 1397 pax
1512 1342 1788 1397 multiplicetur
1815 1342 1927 1384 vobis
1956 1357 1976 1383 a

483 1409 588 1459 Deo,
623 1405 730 1462 patre
766 1409 1052 1461 omnipotente,
1097 1415 1136 1449 et
1171 1423 1191 1448 a
1227 1408 1406 1449 Domino
1447 1415 1585 1449 nostro
1620 1407 1706 1448 Iesu
1742 1407 1901 1448 Christo
1937 1407 1975 1448 in

484 1473 730 1526 agnitionem
761 1473 856 1514 eius.
914 1473 951 1514 8.
982 1472 1150 1514 Ecclesia
1181 1473 1369 1514 catholica
1399 1480 1457 1514 est
1485 1472 1671 1526 plantatio
1700 1472 1775 1513 Dei
1804 1471 1975 1525 pulchra,

484 1544 522 1579 et
552 1538 619 1593 qui
648 1536 772 1578 fidelis
802 1544 861 1578 est
889 1538 928 1578 in
960 1536 1105 1578 cultum
1141 1538 1223 1578 eius
1258 1551 1339 1578 non
1377 1536 1586 1587 fallentem,
1621 1538 1733 1578 vinea
1769 1536 1889 1578 electa
1919 1543 1977 1577 est

484 1603 538 1654 ei;
569 1603 610 1644 hi
630 1610 720 1644 sunt
740 1603 787 1653 ei,
816 1603 880 1657 qui
908 1616 976 1656 per
995 1601 1115 1643 fidem
1135 1616 1244 1643 suam
1265 1616 1428 1656 regnum
1451 1603 1533 1643 eius
1553 1602 1835 1655 sempiternum
1867 1615 1976 1642 com-

483 1675 621 1722 parant
655 1675 694 1708 et
729 1667 810 1708 eius
845 1668 1027 1708 virtutem
1064 1675 1102 1708 et
1138 1668 1474 1722 participationem
1504 1667 1658 1722 spiritus
1686 1667 1809 1708 sancti
1838 1680 1976 1707 conse-

482 1739 656 1788 quuntur
676 1739 713 1774 et
733 1746 803 1786 per
822 1732 950 1773 Iesum
979 1746 1022 1773 se
1051 1733 1307 1787 praecingunt
1336 1741 1374 1774 et
1400 1738 1625 1774 constantes
1653 1740 1744 1774 sunt
1773 1732 1811 1772 in
1831 1732 1976 1772 timore

595 1833 633 1863 11
657 1828 716 1861 Mt.
741 1838 792 1871 25,
814 1828 868 1869 46.

483 1915 625 1949 ecclesia
636 1915 786 1948 orientali
799 1926 865 1949 non
879 1915 1080 1949 exstiterunt.
1094 1917 1197 1950 Abra-

483 1970 602 2003 hamus
624 1968 724 2003 Ecch.
750 1969 830 2014 legit
853 1970 1009 2014 iaphleim's
1037 1976 1070 2003 et
1098 1971 1195 2004 inter-

483 2028 630 2067 pretatur
665 2025 844 2056 exorcistae.
902 2023 1016 2058 Codex
1054 2025 1199 2069 syriacus

483 2077 776 2121 mesopotamicus,
794 2078 849 2121 qui
865 2077 948 2111 hanc
962 2077 1198 2121 praefationem

485 2134 584 2166 etiam
602 2132 807 2167 Didascaliae
824 2134 953 2178 proprie
976 2135 1081 2167 dictae
1105 2144 1198 2177 prae-

485 2188 595 2228 mittit,
623 2193 677 2220 aut
701 2197 819 2220 vocem
848 2198 951 2231 aeque
980 2199 1018 2221 ac
1047 2188 1198 2220 ostiarios

485 2241 597 2274 omisit
615 2247 669 2274 aut
687 2242 838 2275 similiter
853 2242 933 2285 legit
949 2253 986 2275 ac
1000 2243 1197 2286 Borgianus3

485 2295 588 2329 modo
623 2306 742 2330 vocem
772 2307 848 2329 cum
881 2297 1035 2340 particula
1065 2306 1198 2340 praece-

484 2350 583 2383 dente
607 2350 796 2391 construxit,
822 2350 941 2394 psaltas
964 2352 1140 2395 designans
1164 2355 1198 2383 ut

487 2409 654 2437 cantantes
690 2415 764 2438 cum
799 2404 1022 2449 intellegentia
1056 2410 1088 2438 et
1118 2414 1196 2437 con-

487 2459 614 2491 stantia.
660 2457 712 2491 Cf.
741 2457 879 2499 Gibson,
912 2458 985 2491 The
1014 2457 1198 2491 Didascalia

486 2511 713 2556 apostolorum
737 2512 768 2545 in
791 2512 928 2556 English
952 2512 1077 2554 (Horae
1094 2512 1199 2545 Semi·

487 2567 569 2599 ticae
592 2566 637 2608 11)
664 2574 743 2610 ¹903
770 2577 800 2610 p.
828 2575 855 2599 1.

529 2629 559 2660 4.
574 2620 699 2654 Auctor
712 2620 865 2654 discernit
878 2620 960 2653 duos
973 2619 1199 2664 apostolorum

488 2673 598 2715 libros,
622 2684 722 2707 unum
747 2684 889 2707 canones
914 2681 945 2707 et
966 2673 1105 2707 alterum
1121 2673 1199 2706 doc-

487 2729 603 2761 trinam
639 2729 874 2768 coutinentem,
915 2733 947 2761 et
981 2729 1073 2762 illum
1107 2729 1199 2772 ponit

488 2788 561 2815 ante
585 2782 681 2821 hunc,
706 2782 759 2826 qui
783 2782 867 2815 haud
891 2781 986 2816 dubie
1009 2788 1058 2817 est
1080 2781 1198 2815 Didas-

1265 1916 1355 1950 calia.
1395 1916 1522 1950 Eodem
1546 1917 1648 1950 modo
1671 1917 1850 1960 scripturae
1870 1918 1902 1949 in
1920 1927 1976 1949 co-

1265 1971 1387 2004 dicibus
1418 1970 1553 2004 arabicis
1577 1971 1703 2015 positae
1725 1976 1810 2011 sunt,
1845 1971 1899 2014 qui
1921 1980 1977 2003 eas

1265 2026 1445 2065 continent;
1474 2025 1599 2058 scilicet
1623 2025 1778 2058 Canones
1808 2025 1977 2067 apostolo-

1265 2090 1337 2112 rum
1356 2080 1498 2123 priorem
1515 2079 1627 2113 locum
1642 2079 1773 2120 habent,
1792 2079 1976 2112 Didascalia

1265 2134 1453 2167 secundum.
1486 2134 1536 2167 De
1549 2139 1660 2167 cetero
1673 2143 1785 2167 versus
1799 2132 1976 2176 respondet

1265 2187 1303 2220 C.
1328 2189 1367 2220 A.
1398 2187 1453 2227 v1,
1485 2188 1533 2228 18,
1569 2197 1621 2220 11:
1653 2189 1715 2220 καὶ
1744 2189 1854 2220 ταῦτα
1883 2184 1976 2219 κατὰ

1263 2238 1367 2275 πόλιν
1388 2244 1569 2284 πανταχοῦ
1594 2240 1646 2280 εἰς
1668 2236 1754 2283 ὅλην
1774 2238 1839 2282 τὴν
1854 2240 1975 2273 οἰκου-

1262 2295 1374 2338 μένην
1417 2298 1481 2329 τοῦ
1526 2291 1666 2336 κόσμου
1716 2290 1975 2336 πεποιήκαμεν,

1264 2345 1521 2387 καταλιπόντες
1544 2374 1551 2381 .
1576 2374 1584 2382 .
1608 2345 1673 2390 τὴν
1695 2346 1897 2390 καθολικὴν
1926 2351 1976 2381 δι-

1264 2404 1462 2436 δασκαλίαν
1490 2427 1499 2437 .
1528 2428 1537 2436 .
1561 2428 1569 2436 .
1597 2399 1887 2444 διαπεμψάμενοι
1918 2399 1976 2435 διὰ

1264 2460 1328 2492 τοῦ
1345 2459 1622 2499 συὶλειτουργοῦ
1645 2452 1745 2498 ἡμῶν
1761 2454 1975 2499 Κλήμεντος.

1312 2522 1339 2553 5.
1362 2511 1486 2545 Similia
1502 2510 1655 2554 leguntur
1670 2509 1709 2543 C.
1725 2511 1765 2543 A.
1782 2510 1870 2550 vm,
1888 2511 1939 2551 48,
1958 2519 1976 2543 2

1266 2566 1319 2599 vel
1342 2566 1374 2599 in
1400 2565 1534 2609 epilogo
1558 2563 1848 2605 Constitutionum‚
1879 2574 1976 2608 quem

1265 2619 1377 2653 locum
1399 2623 1512 2652 auctor
1534 2624 1610 2652 ante
1632 2619 1746 2652 oculos
1769 2618 1921 2652 habuisse
1945 2624 1978 2652 et

1266 2672 1482 2717 amplificasse
1505 2674 1641 2707 videtur.

1309 2727 1340 2761 6.
1363 2728 1583 2771 Didascaliae]
1600 2727 1740 2761 Codices
1758 2727 1873 2771 legunt
1889 2736 1976 2760 sern-

1265 2792 1324 2826 per
1347 2782 1510 2815 DascaIta.

2022 642 2042 672 ἶ)

2002 965 2043 995 10

2004 1350 2043 1381 Ιῦ

2000 1678 2044 1709 20
