2457 3436
958 374 1159 404 Eccmsus
1187 374 1452 404 nemmem.
1877 365 1953 404 109

461 471 594 513 lavent
630 478 669 513 et
696 470 838 513 liberos
867 469 1031 512 reddant
1063 484 1106 511 se
1133 469 1305 512 lavantes
1339 471 1477 524 quinto
1511 469 1682 513 sabbato.
1741 473 1778 512 6.
1813 471 1954 513 Mulier

458 537 492 577 si
524 538 566 577 in
597 536 727 590 regula
755 535 963 577 mulierum
992 542 1177 585 versatur,
1206 542 1455 576 semoveatur
1483 543 1522 577 et
1540 535 1616 577 alio
1637 535 1698 577 die
1717 535 1953 590 baptismum

457 601 638 655 accipiat.
687 614 724 654 7.
756 600 839 650 Qui
858 599 1094 654 baptismum
1123 600 1298 654 accipere
1315 600 1466 650 volunt,
1495 600 1670 642 ieiunent
1689 601 1729 641 in
1749 614 1954 654 parasceve

456 666 623 708 sabbati.
680 667 716 708 8.
753 665 921 707 Sabbato
957 671 1088 706 autem
1126 679 1215 706 cum
1252 664 1485 719 baptismum
1520 666 1713 719 accepturi
1749 680 1824 707 una
1860 680 1954 707 con·

457 731 615 785 gregati
645 730 789 772 fuerint
816 732 920 772 iuxta
948 730 1182 772 sententiam
1213 731 1401 785 episcopi,
1436 743 1577 772 omnes
1611 730 1814 772 iubeantur
1843 745 1954 773 orare
1998 739 2020 770 5

459 803 501 838 et
537 810 666 850 genua
700 795 871 837 flectere.
928 808 965 848 9.
1006 795 1053 837 Et
1087 809 1247 837 manum
1288 795 1343 837 eis
1380 795 1589 849 imponens
1624 809 1766 836 omnes
1799 797 1954 850 spiritus

458 860 614 902 alienos
643 862 849 911 exorcizet,
884 869 926 903 ut
954 860 1000 902 ab
1029 861 1084 902 eis
1113 859 1312 902 discedant
1340 874 1468 915 neque
1508 874 1554 902 ex
1584 860 1654 901 hac
1683 861 1780 902 hora
1807 860 1856 902 ad
1885 874 1954 902 eos

460 933 719 968 revertantur.
782 939 841 968 10.
877 926 1059 981 Cumque
1091 925 1248 967 desierit
1280 926 1512 976 exorcizare,
1547 926 1587 967 in
1622 925 1760 967 faciem
1798 940 1868 968 eos
1897 926 1954 967 in-

461 991 607 1042 sufflet,
638 997 677 1033 et
705 1005 795 1033 cum
824 989 1010 1041 frontem,
1039 1005 1150 1032 aures
1178 1005 1222 1032 ac
1251 1004 1389 1032 nasum
1416 1004 1554 1031 eorum
1576 991 1799 1044 signaverit,
1827 990 1956 1033 iubeat

461 1070 535 1098 eos
565 1070 774 1110 exsurgere
804 1063 841 1098 et
865 1070 934 1110 per
954 1063 1078 1098 totam
1098 1063 1259 1098 noctem
1278 1056 1449 1109 vigilare,
1478 1055 1534 1097 eis
1552 1056 1779 1109 praelegens
1808 1069 1955 1110 eosque
1980 1064 2021 1095 ιο

463 1120 660 1162 erudiens.
714 1135 773 1163 11.
804 1120 1025 1175 Baptizandi
1053 1127 1184 1162 autem
1214 1120 1360 1162 nullum
1387 1120 1488 1162 aliud
1506 1134 1573 1162 vas
1602 1120 1776 1162 adferant
1803 1127 1955 1175 praeter

463 1185 517 1236 id,
553 1185 662 1240 quod
690 1186 955 1241 unusquisque
990 1193 1150 1241 propter
1179 1186 1447 1228 eucharistiam
1477 1185 1635 1227 adferet.
1692 1186 1820 1227 Decet
1849 1186 1952 1227 enim

464 1265 572 1301 eum,
602 1251 667 1306 qui
697 1250 836 1305 dignus
865 1250 987 1293 factus
1016 1257 1087 1301 est,
1117 1250 1322 1293 confestim
1353 1251 1595 1293 oblationem
1624 1250 1778 1293 offerre.

641 1348 737 1389 XVI
766 1347 909 1416 (xpri).
940 1349 1000 1391 De
1029 1349 1351 1391 traditionibus
1378 1350 1592 1400 baptismi
1620 1350 1780 1391 saneti.

580 1437 613 1465 1.
649 1424 702 1465 Ea
731 1425 839 1475 hora,
875 1439 949 1479 qua
982 1424 1105 1478 gallus
1140 1424 1319 1474 cantabit,
1355 1425 1484 1479 primo
1512 1438 1628 1479 super
1656 1439 1796 1479 aquam
1825 1432 1950 1466 orent.
1981 1431 2020 1460 15

467 1501 503 1530 2.
540 1491 655 1543 Aqua
684 1489 877 1531 hauriatur
910 1490 950 1530 in
985 1490 1174 1545 piscinam
1209 1489 1270 1531 vel
1304 1489 1397 1531 fluat
1432 1491 1471 1530 in
1507 1503 1606 1531 eam.
1662 1489 1709 1531 Et
1744 1489 1794 1531 ita
1828 1490 1889 1540 sit,
1924 1490 1956 1530 si

467 1555 679 1595 necessitas
713 1568 795 1596 non
829 1562 900 1596 est.
957 1554 997 1596 Si
1033 1569 1128 1596 vero
1163 1555 1349 1596 continua
1389 1568 1433 1596 ac
1471 1554 1608 1596 festina
1642 1555 1849 1596 necessitas
1885 1562 1955 1604 est,

466 1620 630 1660 utamini
650 1633 759 1674 aqua,
790 1633 905 1674 quam
924 1620 1142 1661 invenietis.
1193 1632 1228 1672 3.
1259 1620 1400 1660 Vestes
1423 1626 1553 1660 autem
1582 1618 1794 1673 deponant.
1842 1633 1879 1672 4.
1910 1619 1957 1660 Et

466 1685 596 1738 primo
626 1684 813 1737 baptizate
842 1683 1019 1726 infantes.
1078 1697 1114 1737 5.
1150 1684 1320 1733 Omnes,
1358 1684 1423 1739 qui
1458 1697 1529 1738 pro
1564 1697 1606 1725 se
1641 1683 1747 1738 loqui
1776 1692 1955 1739 possunt,

464 1748 694 1804 loquantur;
723 1750 788 1804 qui
817 1763 912 1790 vero
932 1749 1039 1804 loqui
1064 1763 1148 1790 non
1167 1756 1344 1804 possunt,
1373 1762 1445 1802 pro
1471 1749 1524 1790 eis
1550 1756 1729 1802 parentes
1750 1748 1957 1802 loquantur
1980 1755 2022 1786 20

465 1814 529 1856 vel
558 1814 652 1855 alius
672 1814 721 1856 ad
740 1813 923 1856 familiam
944 1815 1156 1868 pertinens.
1206 1816 1242 1854 6.
1272 1813 1428 1856 Deinde
1447 1815 1553 1855 viros
1572 1812 1725 1855 adultos
1744 1813 1956 1868 baptizetis,

467 1887 672 1934 postremo
702 1879 897 1930 mulieres,
927 1887 1134 1934 postquam
1157 1893 1299 1920 omnes
1319 1880 1445 1920 crines
1465 1879 1666 1920 solverunt
1692 1886 1730 1920 et
1749 1891 1957 1919 ornamen—

464 1953 552 1986 tum
580 1958 740 1985 aureum
776 1951 815 1986 et
848 1951 1089 1998 argenteum,
1126 1957 1205 1999 quo
1239 1951 1412 1995 utuntur,
1449 1942 1733 1998 deposuerunt;
1769 1957 1820 1984 ne
1855 1944 1957 1984 sinas

466 2023 705 2064 quemquam
736 2023 818 2050 rem
849 2009 1013 2051 alienam
1043 2023 1176 2050 secum
1205 2009 1244 2049 in
1274 2022 1412 2063 aquam
1442 2008 1553 2050 ferre.
1611 2022 1649 2061 7.
1684 2008 1792 2050 Hora
1826 2014 1957 2049 autern

465 2074 514 2116 ad
537 2073 808 2128 baptizandum
831 2074 1038 2116 constituta
1059 2074 1266 2129 episcopus
1285 2087 1400 2127 super
1420 2073 1551 2115 oleum
1572 2074 1714 2127 gratias
1733 2085 1821 2127 agat
1840 2073 1956 2128 idque
1980 2080 2021 2111 25

467 2140 506 2180 in
538 2153 604 2180 vas
633 2138 767 2181 fundat
797 2147 836 2181 et
864 2140 996 2181 oleum
1031 2140 1240 2193 gratiarum
1275 2139 1441 2181 actionis
1481 2139 1672 2180 nominet.
1731 2139 1768 2180 8.
1804 2137 1958 2180 Deinde

466 2203 570 2245 aliud
600 2203 732 2246 oleum
761 2211 888 2245 sumat
916 2212 1030 2258 atque
1059 2205 1252 2245 exorcizet
1287 2211 1326 2245 et
1353 2203 1485 2245 oleum
1520 2204 1728 2245 exorcismi
1764 2205 1956 2245 nominet.

468 2282 506 2321 9.
536 2270 583 2311 Et
613 2269 799 2311 diaconus
828 2277 957 2323 portat
985 2269 1116 2310 oleum
1148 2270 1355 2310 exorcismi
1386 2276 1424 2311 et
1452 2276 1526 2311 stat
1554 2268 1602 2310 ad
1629 2270 1824 2310 sinistram
1854 2282 1957 2322 pres-

468 2334 607 2389 byteri,
644 2341 683 2376 et
711 2334 805 2375 alius
834 2333 1022 2376 diaconus
1051 2334 1169 2376 sumit
1200 2333 1331 2376 oleum
1367 2335 1576 2388 gratiarum
1612 2334 1776 2375 actionis
1812 2341 1851 2375 et
1885 2342 1958 2375 stat

467 2399 515 2441 ad
537 2398 735 2441 dexteram
757 2399 981 2454 presbyteri.
1018 2412 1077 2441 10.
1100 2399 1281 2454 Cumque
1301 2399 1502 2454 presbyter
1515 2399 1692 2452 singulos
1706 2397 1957 2453 baptizandos
1982 2405 2023 2435 30

468 2465 738 2518 apprehendit,
759 2464 886 2506 iubeat
906 2478 1225 2519 unumquemque
1246 2464 1304 2506 his
1324 2463 1450 2505 verbis
1471 2464 1709 2505 renuntiare:
1732 2464 1957 2513 „Renuntio

468 2530 550 2579 tibi,
584 2538 729 2580 satana,
764 2536 804 2572 et
837 2531 947 2572 omni
984 2530 1201 2570 ministerio
1236 2537 1305 2571 tuo
1342 2537 1379 2570 et
1414 2528 1597 2570 omnibus
1632 2528 1815 2583 operibus
1842 2529 1957 2569 tuis“.

476 2608 533 2635 11.
565 2595 611 2636 Et
639 2602 846 2649 postquam
877 2595 936 2635 his
964 2594 1147 2636 omnibus
1175 2593 1423 2643 renuntiavit,
1459 2601 1577 2648 ungat
1607 2607 1696 2635 eum
1727 2593 1817 2635 oleo
1848 2607 1959 2635 exor-

470 2660 581 2700 cismi
602 2659 697 2701 haec
718 2660 867 2701 dicens:
898 2659 1072 2711 „Omnis
1090 2660 1245 2714 spiritus
1272 2673 1294 2700 a
1312 2667 1352 2701 te
1372 2659 1566 2701 recedat“.
1627 2671 1688 2700 12.
1718 2659 1766 2700 Et
1784 2659 1840 2700 sic
1869 2672 1958 2700 eum

471 2724 619 2766 nudum
644 2725 833 2781 episcopo
857 2724 981 2766 tradat
1004 2724 1065 2766 vel
1088 2722 1316 2779 presbytero
1340 2725 1456 2766 stanti
1479 2724 1526 2766 ad
1550 2738 1688 2780 aquam
1712 2724 1903 2777 baptismi.
1982 2729 2024 2760 35

581 2838 596 2868 1
622 2833 738 2878 quinto
761 2833 896 2867 sabbato
912 2834 948 2875 (i.
968 2843 996 2867 e.
1013 2832 1092 2866 feria
1110 2832 1218 2876 quinta
1234 2832 1449 2866 hebdomadis
1466 2842 1617 2876 magnae,
1642 2837 1676 2866 ut
1694 2842 1733 2866 ex
1751 2832 1959 2876 sequentibus

470 2887 593 2930 elucet)
616 2887 646 2920 T
671 2899 678 2921 :
703 2887 844 2932 quinque
866 2887 1008 2921 sabbatis
1030 2886 1054 2920 S
