2457 3436
910 374 1110 404 ECCLESiAE
1138 375 1403 404 nemnem.
1826 367 1900 404 111

411 477 534 524 ponat
562 484 652 511 cum
681 469 888 520 desiderio,
917 471 972 511 sic
1001 470 1152 512 dicens:
1181 470 1250 520 „O
1279 471 1454 512 Domine
1482 485 1526 513 ac
1550 472 1671 522 Deus,
1701 473 1799 513 sicut
1827 472 1901 513 bos

412 534 592 589 dignatus
626 549 667 576 es
701 536 974 577 remissionem
1010 542 1259 589 peccatorum
1295 537 1335 576 in
1370 536 1519 577 saecula
1554 535 1678 578 futura
1712 537 1900 590 accipere,

411 600 462 640 ita
498 614 568 642 eos
600 599 660 641 fac
695 599 849 654 dignoe,
890 601 955 655 qui
992 600 1210 654 repleantur
1250 601 1385 654 spiritu
1419 609 1489 642 tuo
1524 609 1674 652 sancto,
1716 609 1754 643 et
1788 603 1900 643 mitte

411 664 577 719 desuper
610 679 727 719 super
760 679 830 706 eos
870 666 1031 718 gratiam
1067 673 1188 715 tuam,
1230 673 1270 707 ut
1303 666 1372 707 tibi
1407 667 1622 719 secundum
1659 667 1900 708 voluntatem

409 737 518 771 tuam
558 731 745 781 serviant3
786 729 855 771 tibi
892 738 950 772 est
985 731 1090 771 enim
1127 731 1269 781 honor,
1305 745 1330 771 o
1367 739 1474 785 pater
1510 739 1548 773 et
1582 731 1634 772 fili
1671 739 1709 773 et
1745 733 1900 785 spiritus

409 802 556 845 sancte,
592 796 631 836 iu
660 803 792 837 sancta
821 795 994 845 ecclesia,
1030 810 1135 836 nunc
1164 802 1202 836 et
1230 810 1387 849 semper
1416 803 1455 838 et
1484 796 1522 837 in
1552 797 1685 837 omnia
1708 796 1899 838 saecula“.

414 872 475 912 19.
505 860 552 901 Et
579 858 706 902 fundit
734 860 865 901 oleum
895 862 1106 914 gratiarum
1126 861 1290 902 actionis
1320 862 1359 902 in
1384 875 1543 902 manum
1566 875 1690 911 suam,
1720 868 1758 902 et
1787 863 1899 915 ponit

408 939 570 966 manum
598 926 638 966 in
659 926 781 979 capite
802 926 897 976 eius,
925 927 980 967 sic
1001 925 1152 968 dicens:
1182 926 1330 979 „Ungo
1350 934 1392 968 te
1410 926 1501 967 oleo
1520 933 1657 967 sancto
1678 940 1746 980 per
1766 927 1898 967 Deum

408 998 559 1044 patrem
588 991 905 1044 omnipotentem
936 999 973 1033 et
1001 991 1129 1032 Iesum
1160 991 1360 1032 Christum
1402 999 1441 1032 et
1468 992 1644 1045 spiritum
1680 995 1897 1033 sanctum“.

409 1067 475 1097 20.
510 1055 559 1096 Et
586 1056 715 1109 signet
745 1069 862 1110 super
890 1056 1061 1097 frontem
1094 1057 1189 1106 eius,
1219 1057 1256 1098 in
1288 1070 1333 1097 os
1364 1070 1452 1097 eum
1484 1056 1676 1107 osculans,
1713 1064 1750 1098 et
1779 1056 1897 1098 dicat:

407 1120 636 1171 „Dominus
664 1123 836 1162 tecum“.
884 1120 931 1162 Et
959 1120 1024 1175 qui
1044 1121 1231 1174 signatur,
1260 1120 1512 1175 respondeat:
1541 1121 1616 1172 „Et
1645 1135 1733 1162 cum
1762 1122 1897 1175 spiritu

406 1189 519 1227 tuo“.
566 1185 630 1227 Sic
658 1185 746 1227 facit
776 1186 1040 1240 unusquisque
1061 1200 1149 1227 cum
1171 1185 1338 1241 reliquis.
1388 1198 1451 1227 21.
1482 1186 1528 1228 Et
1549 1194 1710 1227 cunctus
1731 1186 1897 1240 populus

406 1250 523 1291 simul
553 1257 652 1300 oret,
682 1258 721 1291 et
750 1264 891 1291 omnes
920 1249 1154 1304 baptismum
1184 1251 1419 1305 accipientes
1440 1259 1572 1302 orent;
1602 1265 1739 1305 pacem
1769 1250 1898 1291 dicant

406 1329 477 1356 ore
504 1329 592 1356 suo.

517 1393 581 1422 22.
618 1381 785 1422 Diaconi
813 1379 1054 1422 oblationem
1091 1381 1278 1435 episcopo
1315 1380 1535 1436 adportent,
1572 1388 1610 1422 et
1643 1381 1784 1433 gratias
1818 1382 1897 1434 agit

404 1459 521 1499 super
550 1459 705 1500 panem,
734 1446 823 1500 quia
851 1445 974 1498 figura
1003 1446 1127 1487 carnis
1154 1445 1296 1487 Christi
1319 1453 1390 1496 est,
1420 1454 1458 1487 et
1487 1459 1602 1500 super
1627 1445 1785 1486 calicem
1812 1459 1897 1486 san·

404 1510 548 1563 guinis,
583 1511 671 1566 quia
704 1511 861 1564 sanguis
891 1510 1036 1552 Christi
1072 1518 1142 1561 est,
1178 1511 1243 1565 qui
1279 1510 1498 1552 effundetur
1532 1524 1602 1564 pro
1638 1510 1820 1551 omnibus
1857 1511 1895 1550 in

405 1589 496 1616 eum
526 1574 785 1626 credentibus,
815 1582 854 1617 et
881 1589 996 1629 super
1025 1574 1081 1616 lac
1111 1582 1149 1616 et
1179 1575 1268 1626 mel,
1298 1589 1395 1630 quae
1425 1576 1546 1617 mixta
1574 1583 1665 1617 sunt
1692 1576 1731 1615 in
1762 1574 1897 1629 imple·

403 1641 557 1682 tionem
587 1641 895 1694 promissionum
916 1648 1081 1694 patrum,
1111 1641 1199 1695 quia
1228 1639 1340 1682 dixit:
1371 1640 1483 1681 Dabo
1500 1640 1603 1681 vobis
1630 1648 1770 1681 terram
1801 1641 1897 1681 lacte

405 1713 438 1746 et
465 1705 578 1746 melle
597 1704 801 1760 fluentem;
828 1705 924 1746 haec
953 1712 1012 1746 est
1040 1719 1131 1746 caro
1156 1705 1314 1755 Christi,
1344 1719 1458 1760 quam
1490 1705 1603 1746 nobis
1633 1705 1752 1756 dedit,
1781 1713 1823 1747 ut
1852 1720 1895 1747 ea

405 1771 620 1812 nutriamur
648 1771 746 1812 sicut
775 1770 935 1824 parvuli,
965 1770 1110 1812 scilicet
1140 1771 1205 1825 qui
1234 1771 1273 1811 in
1295 1785 1384 1812 eum
1407 1770 1590 1821 credunt3
1620 1770 1895 1812 amaritudines

404 1834 533 1876 cordis
564 1834 750 1877 dissolvet
771 1834 975 1876 dulcedine
995 1834 1114 1876 verbi.
1163 1847 1227 1889 23.
1258 1836 1363 1877 Haec
1393 1836 1510 1889 igitur
1534 1836 1667 1876 omnia
1688 1836 1895 1889 episcopus

403 1901 569 1955 explicat
598 1899 835 1954 baptismum
859 1901 1075 1955 accipienti.
1126 1913 1190 1953 24.
1220 1901 1378 1950 Quodsi
1402 1901 1609 1955 episcopus
1630 1914 1732 1941 nunc
1751 1914 1895 1954 panem

401 1965 531 2020 fregit,
567 1966 773 2021 unicuique
810 1980 947 2007 eorum
984 1965 1247 2020 fragmentum
1285 1965 1349 2007 det
1378 1965 1531 2006 dicens:
1567 1966 1668 2016 „Hic
1698 1973 1755 2007 est
1784 1966 1894 2019 panis

402 2030 512 2081 caeli,
532 2043 675 2085 corpus
694 2031 783 2072 Iesu
804 2031 988 2072 Christi“.
1027 2031 1236 2085 Accipieus
1257 2030 1509 2085 respondeat:
1531 2032 1726 2081 „Amen“.
1768 2042 1831 2082 25.
1853 2030 1894 2070 Si
1941 2044 1955 2051 ·

513 2174 554 2206 19
577 2170 654 2204 Lev.
679 2181 730 2212 20,
756 2180 806 2212 24.

510 2293 568 2332 218
591 2290 623 2323 in
646 2290 774 2324 saecula
791 2309 832 2315 —
850 2297 964 2324 sancto
988 2303 995 2323 :
1020 2301 1078 2334 per
1100 2290 1264 2324 lavacrum
1288 2292 1545 2335 regenerationis
1563 2292 1692 2334 spiritus
1709 2292 1810 2324 sancti
1836 2292 1860 2324 L
1887 2317 1890 2331 2

400 2348 458 2384 556
481 2355 503 2378 o
527 2355 558 2389 p.
583 2364 622 2369 —
647 2351 758 2378 sancte
783 2357 791 2378 :
816 2346 896 2389 patri
914 2352 945 2378 et
963 2345 1032 2378 filio
1054 2356 1130 2378 cum
1147 2345 1259 2389 spiritu
1277 2350 1392 2378 sancto
1415 2345 1441 2378 L
1462 2348 1466 2386 Ι
1488 2349 1505 2378 7
1530 2356 1578 2389 gr.
1595 2346 1756 2378 actionis:
1774 2347 1892 2378 sancti-

398 2398 532 2432 ficatum
556 2398 583 2432 L
601 2397 608 2443 Ι
627 2399 647 2432 8
670 2409 729 2443 per
743 2399 851 2432 Deum
868 2405 929 2432 etc.
949 2411 956 2431 :
973 2400 1005 2432 in
1021 2400 1168 2432 Domino
1185 2405 1246 2433 etc.
1265 2399 1289 2431 L
1308 2400 1313 2441 Ι
1337 2403 1376 2432 12
1400 2400 1446 2431 sic
1463 2418 1503 2422 —
1520 2398 1651 2443 reliquis
1668 2410 1676 2431 :
1695 2399 1738 2431 ita
1755 2399 1890 2442 singulis

400 2453 499 2487 faciat
521 2453 548 2487 L
571 2454 578 2495 Ι
607 2457 699 2493 12ί13
723 2459 756 2487 et
778 2459 914 2487 cunctus
939 2473 978 2477 —
1003 2459 1097 2487 orent
1121 2466 1127 2487 :
1154 2459 1185 2486 et
1209 2459 1324 2496 postea
1348 2454 1412 2486 iam
1436 2453 1532 2486 simul
1556 2464 1630 2485 cum
1654 2453 1744 2485 omni
1769 2453 1892 2496 populo

400 2512 506 2549 orent,
536 2517 603 2540 non
626 2508 714 2551 prius
738 2514 870 2541 orantes
894 2519 968 2541 cum
992 2508 1149 2548 fidelibus,
1179 2508 1240 2540 nisi
1264 2508 1374 2540 onmia
1399 2508 1479 2540 haec
1504 2506 1621 2540 fuerint
1645 2506 1812 2540 consecuti
1820 2519 1829 2547 ;
1860 2513 1894 2540 et

400 2572 477 2594 cum
499 2562 663 2594 oraverint
685 2561 712 2595 L
736 2565 740 2603 j
769 2563 865 2605 16s17
890 2573 1008 2606 panem
1034 2581 1071 2587 —
1097 2562 1151 2607 qui
1175 2574 1182 2595 ε
1208 2572 1325 2605 panem
1356 2561 1486 2606 quidem
1516 2561 1549 2594 in
1578 2561 1775 2605 exemplum,
1805 2561 1893 2605 quod

400 2615 476 2649 dicit
499 2615 645 2649 Graecus
668 2616 861 2660 antitypum,
886 2617 1032 2660 corporis
1056 2617 1193 2657 Christi;
1224 2616 1361 2649 calicem
1392 2616 1469 2648 vino
1493 2615 1630 2649 mixtum
1654 2621 1786 2659 propter
1809 2617 1892 2648 anti-

398 2675 526 2714 typum,
550 2670 638 2714 quod
659 2670 736 2703 dicit
751 2670 896 2703 Graecus
916 2670 1171 2712 similitudinem,
1195 2670 1372 2714 sanguinis,
1395 2670 1449 2714 qui
1473 2670 1498 2703 L
1516 2669 1521 2712 Ι
1543 2673 1639 2706 21Ι22
1662 2670 1892 2703 amaritudines

399 2743 440 2749 -
464 2724 554 2757 verbi
579 2736 586 2757 :
611 2724 643 2756 in
666 2725 825 2758 suavitate
849 2725 938 2758 verbi
962 2735 1071 2758 amara
1095 2725 1202 2758 cordis
1226 2724 1329 2758 dulcia
1353 2724 1514 2765 efficiens3
1544 2735 1662 2768 aquam
1685 2725 1745 2767 (sc.
1770 2724 1893 2767 gratias

398 2783 475 2821 agat
498 2788 605 2823 super,
636 2777 676 2812 cf.
700 2779 827 2811 initium
851 2780 980 2821 versus)
1008 2789 1088 2812 vero
1116 2780 1149 2811 in
1178 2779 1378 2812 oblationem
1408 2779 1440 2811 in
1464 2778 1617 2811 indicium
1640 2778 1769 2818 lavacri,
1799 2785 1834 2811 ut
1859 2784 1893 2811 et

399 2833 532 2866 interior
566 2833 680 2874 homo,
716 2834 803 2877 quod
838 2839 887 2866 est
919 2834 1069 2874 animale,
1105 2833 1223 2867 similia
1252 2839 1469 2877 consequatur
1496 2834 1578 2865 sicut
1610 2839 1643 2865 et
1674 2842 1791 2876 corpus
1822 2831 1848 2866 L
1884 2856 1888 2875 ἰ

398 2890 494 2925 24Ξ25
517 2887 571 2920 hic
595 2906 636 2912 --
660 2886 781 2921 Christi
807 2899 814 2920 z
839 2888 929 2931 panis
954 2888 1103 2921 caelestis
1127 2888 1160 2920 in
1182 2887 1316 2921 Christo
1340 2888 1414 2920 Iesu
1440 2887 1464 2920 L

1924 1070 1968 1101 10

1925 1395 1965 1426 15
