2457 3436
858 382 1184 413 cons'nwmonuu
1211 382 1477 413 APOSTOLORUM
1506 384 1584 413 vm.
1913 374 1959 412 91

469 478 791 531 παντοκράτορος
819 480 887 519 καὶ
914 478 989 520 τὸν
1017 475 1278 533 ἠγαπημένον
1315 477 1445 520 αὐτοῦ
1479 478 1573 520 υἱὸν
1606 477 1803 520 δυνάσται
1836 476 1964 531 ὑπάρ-

466 556 585 596 χουσι
620 549 693 597 τῆς
722 544 944 598 ἐκκλησίας.
1004 557 1039 596 3.
1074 549 1202 585 τοῦτο
1236 545 1281 585 δέ
1312 559 1456 596 φαμεν,
1492 541 1565 596 οὐχ
1593 543 1661 585 ἵνα
1687 544 1741 598 μὴ
1774 546 1962 593 πίνωσιν,

470 607 607 658 ἄλλως
635 608 711 661 γὰρ
740 607 819 650 οὐκ
846 608 959 651 ἔστιν
985 606 1146 661 ὑβρίσαι
1174 608 1225 651 τὸ
1252 606 1335 650 ὑπὸ
1364 612 1467 650 θεοῦ
1494 609 1715 662 γενόμενον
1744 609 1800 658 εἰς
1819 607 1963 661 εὖφρο-

469 672 613 727 σύνην,
644 672 735 714 ἄλλ’
764 674 831 715 ἵνα
857 674 911 728 μὴ
938 678 1206 727 παροινώσιν.
1255 671 1305 714 οὐ
1323 673 1401 727 γὰρ
1422 672 1534 715 εἶπεν
1561 671 1731 727 ἡγραφὶ
1754 674 1808 727 μὴ
1828 676 1963 715 πίνειν

469 738 600 788 οἶνον,
629 737 732 780 ἀλλὰ
758 741 799 780 τί
824 751 942 793 φησι;
988 738 1084 793 „Mb
1114 740 1248 780 πίνειν
1276 737 1392 781 οἶνον
1420 739 1477 787 εἰς
1501 740 1674 793 μέθην“.
1722 742 1789 780 καὶ
1818 737 1960 780 πάλιν·
2006 749 2027 780 5

470 802 691 853 ,,Ἄκανθαι
709 803 885 855 φύονται
913 804 958 845 ἐν
983 805 1086 856 χειρὶ
1114 809 1191 845 τοῦ
1217 803 1442 856 μεθύσου“.
1494 817 1532 857 4.
1561 809 1690 845 τοῦτο
1719 804 1764 845 δὲ
1793 800 1843 845 οὐ
1870 806 1961 855 περὶ

469 874 560 910 τῶν
587 868 633 910 ἐν
660 868 800 921 κλήρῳ
818 868 958 922 ,μόνον
985 869 1130 922 φαμέν,
1167 865 1268 909 ἀλλὰ
1302 871 1370 910 καὶ
1397 871 1490 921 περὶ
1519 867 1676 917 παντὸς
1703 872 1852 910 aaran&
1876 884 1962 922 χρι-

469 937 653 983 οτιανοῦ,
691 932 755 985 ἐφ’
789 929 839 975 οὗ
873 934 1132 987 ἐπικέκληται
1160 933 1210 975 τὸ
1240 932 1373 986 ὄνομα
1400 939 1480 975 τοῦ
1512 936 1659 986 κυρίου
1691 930 1807 987 ἡμῶν
1831 930 1962 987 Ἰησοῦ

471 1000 664 1050 Χριστοῦ.
712 1000 779 1040 καὶ
808 997 949 1046 αὐτοῖς
975 998 1052 1052 γὰρ
1070 999 1240 1052 εἴρηται·
1270 1001 1386 1049 „Tim
1406 998 1520 1047 ουάί;
1547 1000 1629 1039 τίνι
1648 998 1852 1050 θόρυβος,·
1879 1000 1961 1040 τίνι

468 1059 602 1115 ἆηδίαι
630 1066 697 1105 καὶ
728 1065 884 1115 λέσχαι;
911 1066 1025 1112 τίνος
1051 1064 1237 1105 πελιδνοὶ
1262 1062 1302 1104 οἱ
1324 1062 1535 1115 ὀφθαλμοί
1540 1080 1554 1112 ;
1582 1065 1664 1105 τίνι
1684 1065 1961 1116 συντρίμματα
1986 1074 2026 1104 10

469 1128 678 1181 διακενῆς;
708 1127 760 1169 ου’
787 1134 875 1170 τῶν
894 1129 1215 1181 ἐγχρονιςὸντων
1242 1128 1287 1169 ἐν
1318 1129 1419 1181 οἴνῳ
1447 1130 1516 1169 καὶ
1544 1130 1960 1180 κατασκοπουμένων,

467 1197 549 1233 ποῦ
576 1191 702 1235 πότοι
730 1196 960 1246 γίνονται,·“

622 1311 777 1353 XXVII
808 1311 937 1366 (XLV).
967 1317 1081 1366 Περὶ
1110 1315 1200 1354 τοῖν
1229 1316 1512 1365 διωκομένων
1542 1316 1616 1353 διὰ
1643 1317 1805 1354 πίστιν.

580 1411 615 1440 1.
655 1397 756 1447 Τούς
789 1398 1064 1451 διωκομένους
1097 1396 1165 1439 διὰ
1189 1399 1329 1439 πίστιν
1356 1399 1423 1438 καὶ
1452 1396 1576 1438 πόλιν
1604 1398 1650 1439 ἐκ
1676 1396 1838 1446 πόλεως
1865 1397 1958 1449 φεύ-

466 1478 617 1515 γοντας
644 1462 711 1504 διὰ
736 1462 786 1504 τὸ
803 1466 1034 1515 μεμνῆσθαι
1055 1466 1144 1504 τῶν
1160 1461 1297 1515 λόγων
1317 1467 1393 1504 τοῦ
1412 1464 1554 1514 κυρίου
1572 1462 1957 1515 προσλαμβάνεσθε·
1982 1472 2023 1503 15

465 1527 726 1581 ἐπιστάμενοι
738 1527 827 1581 γάρ,
844 1524 906 1570 ὅτι
924 1527 1002 1579 ,,τὸ
1014 1529 1089 1580 μὲν
1102 1533 1262 1580 πνεῦμα
1276 1525 1509 1580 πρόθυμον,
1526 1525 1551 1581 ἡ
1566 1528 1609 1568 δὲ
1624 1527 1725 1578 σὰρξ
1739 1526 1957 1582 ἀσθενής-’3

466 1588 808 1643 ἀποδιδράσκουσι
827 1594 896 1635 καὶ
914 1593 990 1647 τὴν
1009 1590 1198 1646 ἁρπαγὴν
1217 1596 1304 1634 τῶν
1322 1590 1597 1645 ὑπαρχόντων
1616 1595 1867 1645 προσίενται,
1889 1592 1957 1634 ἵνα

465 1656 742 1712 α’νεξάρνητον
776 1657 841 1709 ἐφ’
874 1657 1033 1706 ἑαυτοῖς
1066 1657 1117 1699 τὸ
1152 1656 1284 1711 ὄνομα
1318 1661 1393 1698 τοῦ
1427 1660 1608 1710 Χριστοῦ
1648 1656 1956 1711 διατηρὴσωσιν.

467 1734 504 1763 2.
532 1723 785 1774 ἑπικουρεῑτε
805 1718 881 1764 οὖν
909 1719 1048 1771 αὐτοῖς
1076 1722 1128 1764 τὰ
1157 1722 1262 1776 πρὸς
1289 1722 1363 1771 τὰς
1388 1724 1534 1775 χρείας,
1563 1721 1733 1776 ἐντολὴν
1761 1721 1957 1776 κυριακὴν

462 1792 730 1841 πληροῦντες.
1979 1797 2022 1827 20

577 1900 596 1929 ὃ
621 1896 680 1929 Sir.
706 1904 755 1938 34,
775 1904 832 1939 27;
855 1896 942 1940 Agg.
970 1905 997 1936 1,
1014 1895 1045 1929 6.
1075 1915 1115 1920 -
1144 1899 1164 1930 6
1188 1895 1283 1929 Prov.
1308 1894 1359 1935 26,
1383 1905 1412 1940 9.
1442 1914 1482 1918 —--
1513 1898 1535 1929 8
1557 1894 1620 1928 Iac.
1646 1903 1674 1935 2,
1699 1904 1728 1936 7.
1754 1913 1791 1918 —
1817 1897 1837 1928 9
1860 1895 1956 1927 Prov.

464 1959 517 1992 23,
541 1959 593 1993 29.
621 1959 668 1992 30.
693 1968 734 1975 —
760 1954 799 1984 14
822 1950 880 1984 Mt.
908 1959 956 1990 10,
981 1959 1031 1993 23.
1055 1969 1094 1973 —
1121 1953 1161 1984 16
1184 1950 1242 1983 Mt.
1266 1948 1318 1988 26,
1341 1958 1392 1990 41.

577 2050 592 2080 1
620 2045 696 2081 υἱὸν
713 2050 749 2087 4
768 2049 830 2080 καὶ
852 2044 893 2081 τὸ
915 2044 1094 2090 πανάγιον
1113 2043 1224 2081 αὐτοῦ
1243 2049 1383 2088 πνεῦμα
1399 2047 1419 2079 b
1438 2045 1485 2079 fn
1504 2047 1509 2088 Ι
1531 2049 1551 2079 2
1565 2047 1697 2080 πίωσιν
1714 2056 1747 2078 m
1764 2056 1779 2078 s
1800 2047 1806 2087 Ι
1824 2049 1844 2079 3
1862 2042 1930 2080 οὐκ
1947 2064 1954 2085 :

463 2103 525 2135 καὶ
551 2102 570 2133 b
594 2102 608 2133 Ρ
629 2103 633 2142 ᾗ
654 2097 722 2136 ὑπὸ
749 2104 785 2141 -Ι-
809 2104 874 2136 τοῦ
898 2112 915 2134 a
938 2101 958 2134 b
978 2103 983 2143 Ι
1004 2100 1246 2145 γεγενημένον
1268 2112 1286 2133 3
1306 2103 1310 2143 1
1330 2104 1351 2134 4
1373 2106 1469 2135 πιεῖν
1492 2101 1512 2133 b
1535 2099 1552 2133 f
1569 2112 1591 2133 n
1612 2101 1616 2141 Ι
1637 2104 1656 2134 5
1680 2097 1768 2133 ἀλλὰ
1792 2119 1832 2123 -
1856 2096 1956 2133 οἶνον

463 2160 507 2195 >
532 2166 562 2196 a,
591 2152 679 2189 α’λλά
707 2153 757 2197 μὴ
788 2159 821 2188 :1²
848 2156 868 2189 i.
891 2166 936 2189 m.
968 2156 973 2198 Ι
1002 2161 1100 2190 πιεῖν
1122 2156 1141 2187 b
1165 2154 1182 2187 f
1200 2167 1221 2188 n
1252 2156 1256 2196 1
1285 2155 1404 2198 μέθην
1426 2159 1461 2195 -1-
1484 2153 1668 2189 τουτέστιν
1692 2153 1744 2193 εἰς
1766 2151 1877 2197 κόρον
1899 2164 1920 2186 n
1947 2154 1951 2196 Ι

463 2213 484 2244 6
508 2207 661 2251 φύουσιν
683 2220 705 2242 n
725 2211 872 2253 Ιχερσὶν
894 2219 912 2242 a
933 2210 936 2250 !
955 2206 1123 2251 μεθύσου
1146 2210 1165 2241 b
1184 2208 1234 2242 fn
1253 2208 1282 2242 C
1299 2221 1307 2242 ε
1323 2212 1387 2244 τοῦ
1403 2222 1439 2251 μ.
1463 2208 1520 2242 rel.
1541 2211 1545 2249 Ι
1566 2212 1585 2243 7
1610 2208 1728 2250 φαμὲν
1747 2205 1860 2250 μόνον
1874 2219 1892 2241 a
1911 2208 1927 2240 f
1948 2211 1952 2250 Ι

462 2267 485 2308 8
510 2267 572 2298 τοῦ
595 2265 723 2307 κυρίου
745 2274 753 2296 :
777 2265 903 2307 κυρίου
933 2268 996 2298 τοῦ
1027 2266 1117 2297 θεοῦ
1141 2274 1174 2296 m
1198 2274 1213 2296 s
1242 2267 1246 2301 Ι
1271 2266 1291 2297 9
1321 2261 1445 2306 εἴρηκε
1469 2274 1503 2296 m
1533 2264 1539 2305 Ι
1569 2261 1729 2307 θόρυβος
1757 2273 1775 2295 3
1798 2273 1829 2294 m
1854 2273 1869 2294 s
1894 2262 1922 2294 C
1946 2274 1953 2295 :

463 2315 622 2361 θύρυβοι
638 2317 684 2350 rel
706 2318 709 2358 i
731 2320 828 2358 10111
852 2319 920 2351 τίνι
939 2328 970 2351 σ.
989 2320 1156 2361 διακενῆς
1172 2321 1216 2356 >
1233 2329 1254 2349 ν
1274 2320 1278 2358 1
1300 2321 1340 2351 11
1362 2316 1497 2361 ἐνχρον.
1515 2329 1545 2357 ν,
1567 2314 1805 2360 χρονιζόντων
1820 2327 1838 2348 3
1856 2327 1889 2348 m
1906 2327 1921 2348 s
1948 2318 1952 2358 Ι

461 2371 818 2413 κατασκοπουμένων
835 2383 855 2404 ν
872 2371 899 2405 C
917 2383 924 2404 :
940 2369 1212 2406 -σκοπευόντων
1228 2372 1247 2403 b
1266 2370 1281 2403 f
1294 2382 1316 2403 n
1332 2381 1357 2412 S,
1375 2367 1655 2404 -σκοποὺντωνει
1672 2381 1704 2402 m
1720 2370 1724 2410 ἶ
1743 2373 1835 2403 13120
1849 2374 1893 2409 >
1907 2380 1928 2402 n
1947 2371 1950 2411 ξ

464 2429 505 2460 13
529 2427 612 2467 περὶ
634 2445 675 2449 -
699 2423 819 2459 πίστιν
841 2429 884 2463 >
909 2435 944 2458 m
966 2435 981 2458 s
1007 2428 1011 2466 Ι
1037 2423 1095 2458 διὰ
1121 2426 1159 2465 4-
1183 2422 1248 2467 τὴν
1271 2435 1285 2457 s
1312 2427 1315 2466 Ι
1342 2422 1399 2458 διὰ
1422 2425 1541 2458 πίστιν
1564 2436 1571 2457 :
1596 2429 1638 2463 >
1664 2434 1693 2464 a,
1719 2427 1755 2463 ÷
1781 2425 1843 2457 καὶ
1866 2435 1952 2465 φευ-

463 2476 603 2522 γόντων
630 2476 689 2512 διὰ
717 2480 846 2519 πίστιν,
879 2473 978 2518 ὅπως
1006 2478 1214 2522 ἐπικουρίας
1240 2476 1465 2521 τυγχάνωσιν
1493 2490 1512 2510 ν
1543 2480 1547 2520 Ι
1580 2482 1621 2512 14
1643 2475 1746 2512 πόλιν
1768 2488 1786 2510 3
1809 2488 1824 2510 s
1847 2489 1868 2509 v
1891 2477 1920 2510 C
1945 2489 1952 2510 z

463 2533 516 2572 εἰς
539 2545 574 2567 π.
598 2534 617 2566 b
640 2532 656 2566 f
666 2544 701 2566 m
722 2535 726 2574 1
749 2536 788 2567 15
803 2531 866 2567 τὸν
880 2530 991 2576 λόγον
1007 2543 1025 2566 3
1042 2534 1142 2576 (corr.
1157 2533 1206 2575 3²)
1221 2533 1241 2565 b
1260 2544 1280 2565 v
1299 2534 1305 2573 Ι
1323 2529 1671 2575 προσλαμβάνεσθαι
1688 2542 1717 2571 a,
1739 2535 1797 2566 δεῖ
1811 2543 1870 2575 πρ.
1886 2536 1920 2564 a²
1945 2533 1949 2573 1

464 2591 506 2621 16
530 2585 599 2630 γὰρ
622 2591 665 2626 >
690 2598 709 2619 3
729 2589 733 2629 j
755 2591 794 2622 17
817 2585 858 2621 τὸ
880 2594 923 2626 >
948 2587 968 2620 b
992 2587 1006 2619 ?
1026 2588 1030 2628 Ι
1050 2585 1234 2630 προΐενται
1258 2587 1278 2618 b
1302 2587 1316 2619 ἓ
1336 2588 1340 2628 1
1362 2589 1403 2620 18
1426 2583 1482 2627 ἐφ’
1503 2590 1546 2625 >
1571 2588 1613 2627 a!
1641 2582 1762 2625 αὐτοῖς
1785 2597 1803 2619 3
1823 2587 1827 2627 l
1847 2582 1952 2630 τηρὴ-

463 2652 578 2675 σωσιν
600 2652 618 2674 a
639 2648 642 2682 Ι
665 2645 705 2675 19
727 2639 790 2681 τὰς
809 2643 933 2684 χρείας
955 2652 974 2673 a
999 2641 1017 2673 b
1043 2653 1062 2673 v
1086 2640 1115 2674 C
1139 2652 1146 2673 :
1170 2642 1299 2684 χρείαν
1322 2639 1400 2680 fm,
1424 2637 1488 2683 τὴν
1507 2652 1561 2684 χρ.
1586 2651 1601 2673 s
1627 2641 1632 2681 Ι
1657 2638 1832 2684 κυριακὴν
1853 2643 1909 2673 nl..
1934 2651 1952 2673 3

462 2706 496 2728 m
521 2694 549 2728 C
574 2707 581 2728 :
606 2698 669 2730 τοῦ
693 2696 819 2737 κυρίου
844 2691 944 2738 ἡμῶν
965 2692 1076 2739 Ἰησοῦ
1099 2696 1259 2738 Χριστοῦ
1283 2693 1545 2737 ἐκπληροῦντες
1567 2694 1586 2727 b
1610 2694 1626 2726 f
1646 2706 1665 2727 v
