<?xml version="1.0" encoding="UTF-8"?>
<!DOCTYPE html PUBLIC "-//W3C//DTD XHTML 1.0 Transitional//EN"
    "http://www.w3.org/TR/xhtml1/DTD/xhtml1-transitional.dtd">
<html xmlns="http://www.w3.org/1999/xhtml" xml:lang="en" lang="en">
 <head>
  <title>
</title>
<meta http-equiv="Content-Type" content="text/html;charset=utf-8" />
  <meta name='ocr-system' content='tesseract 3.04.00' />
  <meta name='ocr-capabilities' content='ocr_page ocr_carea ocr_par ocr_line ocrx_word'/>
</head>
<body>
  <div class='ocr_page' id='page_1' title='image "./didascaliaetcon00funkgoog/didascaliaetcon00funkgoog_0782.png"; bbox 0 0 2457 3436; ppageno 0'>
   <div class='ocr_carea' id='block_1_1' title="bbox 906 267 1914 308">
    <p class='ocr_par' dir='ltr' id='par_1_1' title="bbox 906 267 1914 308">
     <span class='ocr_line' id='line_1_1' title="bbox 906 267 1914 308; baseline 0 0"><span class='ocrx_word' id='word_1_1' title='bbox 906 278 1133 308; x_wconf 41' lang='lat' dir='ltr'>Pulmoneum</span> <span class='ocrx_word' id='word_1_2' title='bbox 1162 278 1430 308; x_wconf 62' lang='lat' dir='ltr'>susumus.</span> <span class='ocrx_word' id='word_1_3' title='bbox 1859 267 1914 308; x_wconf 92' lang='lat' dir='ltr'>IX</span> 
     </span>
    </p>
   </div>
   <div class='ocr_carea' id='block_1_2' title="bbox 425 373 1919 2834">
    <p class='ocr_par' dir='ltr' id='par_1_2' title="bbox 442 373 1914 481">
     <span class='ocr_line' id='line_1_2' title="bbox 442 373 1914 429; baseline 0 -13"><span class='ocrx_word' id='word_1_4' title='bbox 442 382 531 416; x_wconf 84' lang='lat' dir='ltr'>aetas</span> <span class='ocrx_word' id='word_1_5' title='bbox 557 375 621 415; x_wconf 83' lang='lat' dir='ltr'>vix</span> <span class='ocrx_word' id='word_1_6' title='bbox 640 373 792 416; x_wconf 87' lang='lat' dir='ltr'>definiri</span> <span class='ocrx_word' id='word_1_7' title='bbox 812 382 955 429; x_wconf 89' lang='lat' dir='ltr'>potest,</span> <span class='ocrx_word' id='word_1_8' title='bbox 984 375 1206 429; x_wconf 87' lang='lat' dir='ltr'>priusquam</span> <span class='ocrx_word' id='word_1_9' title='bbox 1227 375 1322 416; x_wconf 89' lang='lat' dir='ltr'>liber</span> <span class='ocrx_word' id='word_1_10' title='bbox 1342 374 1631 425; x_wconf 87' lang='lat' dir='ltr'><strong>Quaestionum</strong></span> <span class='ocrx_word' id='word_1_11' title='bbox 1653 382 1759 417; x_wconf 91' lang='lat' dir='ltr'>totus</span> <span class='ocrx_word' id='word_1_12' title='bbox 1779 376 1914 416; x_wconf 92' lang='lat' dir='ltr'>critico</span> 
     </span>
     <span class='ocr_line' id='line_1_3' title="bbox 445 438 806 481; baseline 0 -1"><span class='ocrx_word' id='word_1_13' title='bbox 445 439 551 481; x_wconf 89' lang='lat' dir='ltr'>modo</span> <span class='ocrx_word' id='word_1_14' title='bbox 580 438 705 481; x_wconf 88' lang='lat' dir='ltr'>editus</span> <span class='ocrx_word' id='word_1_15' title='bbox 734 446 806 481; x_wconf 89' lang='lat' dir='ltr'>est.</span> 
     </span>
    </p>

    <p class='ocr_par' dir='ltr' id='par_1_3' title="bbox 444 503 1916 1143">
     <span class='ocr_line' id='line_1_4' title="bbox 535 503 1914 558; baseline 0.001 -13"><span class='ocrx_word' id='word_1_16' title='bbox 535 503 684 546; x_wconf 87' lang='lat' dir='ltr'>Graece</span> <span class='ocrx_word' id='word_1_17' title='bbox 702 505 895 546; x_wconf 84' lang='lat' dir='ltr'>Anastasii</span> <span class='ocrx_word' id='word_1_18' title='bbox 914 504 1179 554; x_wconf 88' lang='lat' dir='ltr'>Quaestiones</span> <span class='ocrx_word' id='word_1_19' title='bbox 1208 505 1354 558; x_wconf 89' lang='lat' dir='ltr'>primus</span> <span class='ocrx_word' id='word_1_20' title='bbox 1375 504 1403 545; x_wconf 92' lang='grc' dir='ltr'>Ι.</span> <span class='ocrx_word' id='word_1_21' title='bbox 1425 504 1586 546; x_wconf 88' lang='lat' dir='ltr'>Gretser</span> <span class='ocrx_word' id='word_1_22' title='bbox 1603 518 1636 546; x_wconf 84' lang='lat' dir='ltr'>a.</span> <span class='ocrx_word' id='word_1_23' title='bbox 1663 506 1763 557; x_wconf 91' lang='lat'>1617</span> <span class='ocrx_word' id='word_1_24' title='bbox 1783 505 1914 558; x_wconf 88' lang='lat' dir='ltr'>Ingol-</span> 
     </span>
     <span class='ocr_line' id='line_1_5' title="bbox 447 568 1916 624; baseline 0.001 -15"><span class='ocrx_word' id='word_1_25' title='bbox 447 568 539 610; x_wconf 80' lang='lat' dir='ltr'>stadii</span> <span class='ocrx_word' id='word_1_26' title='bbox 566 568 784 622; x_wconf 87' lang='lat' dir='ltr'>publicavit,</span> <span class='ocrx_word' id='word_1_27' title='bbox 822 576 861 610; x_wconf 92' lang='lat' dir='ltr'>et</span> <span class='ocrx_word' id='word_1_28' title='bbox 890 576 1052 620; x_wconf 88' lang='lat' dir='ltr'>textum,</span> <span class='ocrx_word' id='word_1_29' title='bbox 1081 583 1198 623; x_wconf 91' lang='lat' dir='ltr'>quem</span> <span class='ocrx_word' id='word_1_30' title='bbox 1229 569 1447 624; x_wconf 87' lang='lat' dir='ltr'>proposuit,</span> <span class='ocrx_word' id='word_1_31' title='bbox 1476 569 1715 623; x_wconf 87' lang='lat' dir='ltr'>repetierunt</span> <span class='ocrx_word' id='word_1_32' title='bbox 1745 569 1916 610; x_wconf 86' lang='lat' dir='ltr'>editores</span> 
     </span>
     <span class='ocr_line' id='line_1_6' title="bbox 446 633 1914 689; baseline 0.001 -15"><span class='ocrx_word' id='word_1_33' title='bbox 446 647 592 688; x_wconf 88' lang='lat' dir='ltr'>operum</span> <span class='ocrx_word' id='word_1_34' title='bbox 622 635 742 688; x_wconf 87' lang='lat' dir='ltr'>ipsius</span> <span class='ocrx_word' id='word_1_35' title='bbox 771 635 811 675; x_wconf 88' lang='lat' dir='ltr'>in</span> <span class='ocrx_word' id='word_1_36' title='bbox 840 641 947 689; x_wconf 90' lang='lat' dir='ltr'>parte</span> <span class='ocrx_word' id='word_1_37' title='bbox 976 633 1146 675; x_wconf 89' lang='lat' dir='ltr'>secunda</span> <span class='ocrx_word' id='word_1_38' title='bbox 1174 635 1275 677; x_wconf 89' lang='lat' dir='ltr'>tomi</span> <span class='ocrx_word' id='word_1_39' title='bbox 1302 634 1399 675; x_wconf 91' lang='lat' dir='ltr'>XIV</span> <span class='ocrx_word' id='word_1_40' title='bbox 1429 647 1466 688; x_wconf 87' lang='lat' dir='ltr'>p.</span> <span class='ocrx_word' id='word_1_41' title='bbox 1492 636 1701 688; x_wconf 87' lang='lat'>161-446</span> <span class='ocrx_word' id='word_1_42' title='bbox 1731 649 1763 676; x_wconf 92' lang='lat' dir='ltr'>a.</span> <span class='ocrx_word' id='word_1_43' title='bbox 1799 647 1914 688; x_wconf 84' lang='lat'>1740,</span> 
     </span>
     <span class='ocr_line' id='line_1_7' title="bbox 446 698 1914 754; baseline 0 -14"><span class='ocrx_word' id='word_1_44' title='bbox 446 706 475 740; x_wconf 88' lang='lat' dir='ltr'>et</span> <span class='ocrx_word' id='word_1_45' title='bbox 495 699 629 752; x_wconf 88' lang='lat' dir='ltr'>Migne</span> <span class='ocrx_word' id='word_1_46' title='bbox 663 699 703 740; x_wconf 91' lang='lat' dir='ltr'>in</span> <span class='ocrx_word' id='word_1_47' title='bbox 738 706 852 740; x_wconf 87' lang='lat' dir='ltr'>tomo</span> <span class='ocrx_word' id='word_1_48' title='bbox 886 698 1098 740; x_wconf 82' lang='lat' dir='ltr'>LXXXIX</span> <span class='ocrx_word' id='word_1_49' title='bbox 1133 699 1378 752; x_wconf 84' lang='lat' dir='ltr'>Patrologiae</span> <span class='ocrx_word' id='word_1_50' title='bbox 1416 713 1577 752; x_wconf 87' lang='lat' dir='ltr'>graecae</span> <span class='ocrx_word' id='word_1_51' title='bbox 1610 713 1648 754; x_wconf 91' lang='lat' dir='ltr'>p.</span> <span class='ocrx_word' id='word_1_52' title='bbox 1687 700 1914 752; x_wconf 85' lang='lat'>311—824.</span> 
     </span>
     <span class='ocr_line' id='line_1_8' title="bbox 447 763 1915 806; baseline 0.001 -2"><span class='ocrx_word' id='word_1_53' title='bbox 447 763 586 805; x_wconf 88' lang='lat' dir='ltr'>Gretser</span> <span class='ocrx_word' id='word_1_54' title='bbox 622 777 786 805; x_wconf 90' lang='lat' dir='ltr'>munere</span> <span class='ocrx_word' id='word_1_55' title='bbox 819 778 892 805; x_wconf 90' lang='lat' dir='ltr'>suo</span> <span class='ocrx_word' id='word_1_56' title='bbox 922 764 1022 806; x_wconf 87' lang='lat' dir='ltr'>haud</span> <span class='ocrx_word' id='word_1_57' title='bbox 1061 763 1310 806; x_wconf 87' lang='lat' dir='ltr'>mediocriter</span> <span class='ocrx_word' id='word_1_58' title='bbox 1344 763 1497 805; x_wconf 87' lang='lat' dir='ltr'>functus</span> <span class='ocrx_word' id='word_1_59' title='bbox 1533 771 1602 805; x_wconf 90' lang='lat' dir='ltr'>est.</span> <span class='ocrx_word' id='word_1_60' title='bbox 1658 764 1785 806; x_wconf 90' lang='lat' dir='ltr'>Nobis</span> <span class='ocrx_word' id='word_1_61' title='bbox 1820 778 1915 806; x_wconf 88' lang='lat' dir='ltr'>vero</span> 
     </span>
     <span class='ocr_line' id='line_1_9' title="bbox 446 827 1916 883; baseline 0.001 -14"><span class='ocrx_word' id='word_1_62' title='bbox 446 827 547 869; x_wconf 84' lang='lat' dir='ltr'>editio</span> <span class='ocrx_word' id='word_1_63' title='bbox 581 828 761 870; x_wconf 89' lang='lat' dir='ltr'>sufficere</span> <span class='ocrx_word' id='word_1_64' title='bbox 794 843 876 870; x_wconf 89' lang='lat' dir='ltr'>non</span> <span class='ocrx_word' id='word_1_65' title='bbox 911 836 1052 883; x_wconf 90' lang='lat' dir='ltr'>potest.</span> <span class='ocrx_word' id='word_1_66' title='bbox 1110 828 1241 883; x_wconf 88' lang='lat' dir='ltr'>Itaque</span> <span class='ocrx_word' id='word_1_67' title='bbox 1279 828 1435 870; x_wconf 90' lang='lat' dir='ltr'>codices</span> <span class='ocrx_word' id='word_1_68' title='bbox 1474 829 1606 870; x_wconf 91' lang='lat' dir='ltr'>denuo</span> <span class='ocrx_word' id='word_1_69' title='bbox 1642 828 1833 880; x_wconf 89' lang='lat' dir='ltr'>consului,</span> <span class='ocrx_word' id='word_1_70' title='bbox 1874 836 1916 871; x_wconf 91' lang='lat' dir='ltr'>ut</span> 
     </span>
     <span class='ocr_line' id='line_1_10' title="bbox 445 892 1915 948; baseline 0.001 -14"><span class='ocrx_word' id='word_1_71' title='bbox 445 892 643 947; x_wconf 65' lang='lat' dir='ltr'>fragmenta</span> <span class='ocrx_word' id='word_1_72' title='bbox 673 893 808 936; x_wconf 86' lang='lat' dir='ltr'>saltem</span> <span class='ocrx_word' id='word_1_73' title='bbox 840 907 862 935; x_wconf 89' lang='lat' dir='ltr'>e</span> <span class='ocrx_word' id='word_1_74' title='bbox 892 894 1249 936; x_wconf 88' lang='lat' dir='ltr'>Constitutionibus</span> <span class='ocrx_word' id='word_1_75' title='bbox 1279 893 1510 948; x_wconf 86' lang='lat' dir='ltr'>deprompta</span> <span class='ocrx_word' id='word_1_76' title='bbox 1539 893 1804 944; x_wconf 86' lang='lat' dir='ltr'>emendarem,</span> <span class='ocrx_word' id='word_1_77' title='bbox 1842 908 1915 935; x_wconf 89' lang='lat' dir='ltr'>nec</span> 
     </span>
     <span class='ocr_line' id='line_1_11' title="bbox 444 956 1916 1014; baseline 0 -14"><span class='ocrx_word' id='word_1_78' title='bbox 444 956 563 1000; x_wconf 85' lang='lat' dir='ltr'>frustra</span> <span class='ocrx_word' id='word_1_79' title='bbox 589 958 773 1000; x_wconf 84' lang='lat' dir='ltr'>laboravi.</span> <span class='ocrx_word' id='word_1_80' title='bbox 821 958 956 1000; x_wconf 85' lang='lat' dir='ltr'>Editor</span> <span class='ocrx_word' id='word_1_81' title='bbox 984 959 1164 1013; x_wconf 88' lang='lat' dir='ltr'>princeps</span> <span class='ocrx_word' id='word_1_82' title='bbox 1194 973 1321 1013; x_wconf 88' lang='lat' dir='ltr'>neque</span> <span class='ocrx_word' id='word_1_83' title='bbox 1350 958 1506 1000; x_wconf 90' lang='lat' dir='ltr'>codices</span> <span class='ocrx_word' id='word_1_84' title='bbox 1533 959 1709 1014; x_wconf 89' lang='lat' dir='ltr'>optimos</span> <span class='ocrx_word' id='word_1_85' title='bbox 1738 958 1916 1000; x_wconf 90' lang='lat' dir='ltr'>habuisse</span> 
     </span>
     <span class='ocr_line' id='line_1_12' title="bbox 446 1022 1915 1079; baseline 0.001 -16"><span class='ocrx_word' id='word_1_86' title='bbox 446 1037 554 1079; x_wconf 88' lang='lat' dir='ltr'>neque</span> <span class='ocrx_word' id='word_1_87' title='bbox 584 1038 668 1074; x_wconf 68' lang='grc' dir='ltr'><strong>θος,</strong></span> <span class='ocrx_word' id='word_1_88' title='bbox 697 1037 797 1079; x_wconf 88' lang='lat' dir='ltr'>quos</span> <span class='ocrx_word' id='word_1_89' title='bbox 825 1024 931 1077; x_wconf 87' lang='lat' dir='ltr'>legit,</span> <span class='ocrx_word' id='word_1_90' title='bbox 961 1038 1117 1079; x_wconf 88' lang='lat' dir='ltr'>semper</span> <span class='ocrx_word' id='word_1_91' title='bbox 1135 1022 1300 1065; x_wconf 87' lang='lat' dir='ltr'>fideliter</span> <span class='ocrx_word' id='word_1_92' title='bbox 1320 1023 1532 1065; x_wconf 87' lang='lat' dir='ltr'>reddidisse</span> <span class='ocrx_word' id='word_1_93' title='bbox 1551 1023 1715 1065; x_wconf 83' lang='lat' dir='ltr'>videtur.</span> <span class='ocrx_word' id='word_1_94' title='bbox 1763 1023 1915 1065; x_wconf 85' lang='lat' dir='ltr'>Textus</span> 
     </span>
     <span class='ocr_line' id='line_1_13' title="bbox 444 1087 1766 1143; baseline 0.002 -16"><span class='ocrx_word' id='word_1_95' title='bbox 444 1087 477 1129; x_wconf 81' lang='lat' dir='ltr'>ab</span> <span class='ocrx_word' id='word_1_96' title='bbox 502 1103 551 1131; x_wconf 92' lang='lat' dir='ltr'>eo</span> <span class='ocrx_word' id='word_1_97' title='bbox 580 1089 757 1143; x_wconf 86' lang='lat' dir='ltr'>vulgatus</span> <span class='ocrx_word' id='word_1_98' title='bbox 786 1089 888 1130; x_wconf 86' lang='lat' dir='ltr'>haud</span> <span class='ocrx_word' id='word_1_99' title='bbox 916 1103 1035 1143; x_wconf 84' lang='lat' dir='ltr'>pauca</span> <span class='ocrx_word' id='word_1_100' title='bbox 1064 1090 1254 1139; x_wconf 89' lang='lat' dir='ltr'>continet,</span> <span class='ocrx_word' id='word_1_101' title='bbox 1283 1103 1382 1143; x_wconf 89' lang='lat' dir='ltr'>quae</span> <span class='ocrx_word' id='word_1_102' title='bbox 1411 1095 1516 1131; x_wconf 90' lang='lat' dir='ltr'>certe</span> <span class='ocrx_word' id='word_1_103' title='bbox 1543 1088 1636 1130; x_wconf 85' lang='lat' dir='ltr'>falsa</span> <span class='ocrx_word' id='word_1_104' title='bbox 1662 1096 1766 1130; x_wconf 89' lang='lat' dir='ltr'>sunt.</span> 
     </span>
    </p>

    <p class='ocr_par' dir='ltr' id='par_1_4' title="bbox 437 1153 1919 1664">
     <span class='ocr_line' id='line_1_14' title="bbox 532 1153 1914 1204; baseline 0 -9"><span class='ocrx_word' id='word_1_105' title='bbox 532 1153 704 1195; x_wconf 88' lang='lat' dir='ltr'>Codices</span> <span class='ocrx_word' id='word_1_106' title='bbox 732 1155 926 1195; x_wconf 84' lang='lat' dir='ltr'>Anastasii</span> <span class='ocrx_word' id='word_1_107' title='bbox 949 1153 1215 1204; x_wconf 83' lang='lat' dir='ltr'>Quaestiones</span> <span class='ocrx_word' id='word_1_108' title='bbox 1242 1154 1440 1195; x_wconf 86' lang='lat' dir='ltr'>tradentes</span> <span class='ocrx_word' id='word_1_109' title='bbox 1470 1153 1692 1195; x_wconf 88' lang='lat' dir='ltr'>creberrimi</span> <span class='ocrx_word' id='word_1_110' title='bbox 1722 1161 1824 1203; x_wconf 88' lang='lat' dir='ltr'>sunt,</span> <span class='ocrx_word' id='word_1_111' title='bbox 1855 1167 1914 1195; x_wconf 91' lang='lat' dir='ltr'>ex.</span> 
     </span>
     <span class='ocr_line' id='line_1_15' title="bbox 441 1218 1912 1273; baseline -0.001 -13"><span class='ocrx_word' id='word_1_112' title='bbox 441 1231 488 1270; x_wconf 81' lang='lat' dir='ltr'>gr.</span> <span class='ocrx_word' id='word_1_113' title='bbox 503 1219 545 1260; x_wconf 85' lang='lat' dir='ltr'>in</span> <span class='ocrx_word' id='word_1_114' title='bbox 561 1218 802 1261; x_wconf 86' lang='lat' dir='ltr'>Bibliotheca</span> <span class='ocrx_word' id='word_1_115' title='bbox 821 1218 1004 1260; x_wconf 86' lang='lat' dir='ltr'>nationali</span> <span class='ocrx_word' id='word_1_116' title='bbox 1021 1219 1190 1260; x_wconf 87' lang='lat' dir='ltr'>Parisina</span> <span class='ocrx_word' id='word_1_117' title='bbox 1209 1220 1348 1273; x_wconf 90' lang='lat' dir='ltr'>viginti</span> <span class='ocrx_word' id='word_1_118' title='bbox 1368 1220 1539 1273; x_wconf 89' lang='lat' dir='ltr'>quinque</span> <span class='ocrx_word' id='word_1_119' title='bbox 1559 1218 1697 1260; x_wconf 89' lang='lat' dir='ltr'>librum</span> <span class='ocrx_word' id='word_1_120' title='bbox 1719 1220 1912 1271; x_wconf 88' lang='lat' dir='ltr'>integrum</span> 
     </span>
     <span class='ocr_line' id='line_1_16' title="bbox 440 1283 1919 1338; baseline -0.001 -13"><span class='ocrx_word' id='word_1_121' title='bbox 440 1290 470 1325; x_wconf 82' lang='lat' dir='ltr'>et</span> <span class='ocrx_word' id='word_1_122' title='bbox 499 1290 652 1337; x_wconf 84' lang='lat' dir='ltr'>septem</span> <span class='ocrx_word' id='word_1_123' title='bbox 687 1292 865 1338; x_wconf 86' lang='lat' dir='ltr'>excerpta</span> <span class='ocrx_word' id='word_1_124' title='bbox 895 1285 1142 1326; x_wconf 88' lang='lat' dir='ltr'>continentes</span> <span class='ocrx_word' id='word_1_125' title='bbox 1178 1283 1248 1338; x_wconf 84' lang='lat' dir='ltr'>(cf.</span> <span class='ocrx_word' id='word_1_126' title='bbox 1279 1284 1450 1334; x_wconf 90' lang='lat' dir='ltr'>Omont,</span> <span class='ocrx_word' id='word_1_127' title='bbox 1478 1284 1692 1325; x_wconf 76' lang='lat' dir='ltr'>Inventaire</span> <span class='ocrx_word' id='word_1_128' title='bbox 1717 1286 1919 1325; x_wconf 83' lang='lat' dir='ltr'>sommaire</span> 
     </span>
     <span class='ocr_line' id='line_1_17' title="bbox 437 1347 1917 1403; baseline 0.001 -14"><span class='ocrx_word' id='word_1_129' title='bbox 437 1347 490 1389; x_wconf 78' lang='lat' dir='ltr'>des</span> <span class='ocrx_word' id='word_1_130' title='bbox 520 1350 746 1389; x_wconf 82' lang='lat' dir='ltr'>manuscrits</span> <span class='ocrx_word' id='word_1_131' title='bbox 775 1363 882 1403; x_wconf 79' lang='lat' dir='ltr'>grecs</span> <span class='ocrx_word' id='word_1_132' title='bbox 914 1349 959 1389; x_wconf 84' lang='lat' dir='ltr'>de</span> <span class='ocrx_word' id='word_1_133' title='bbox 993 1348 1034 1389; x_wconf 88' lang='lat' dir='ltr'>la</span> <span class='ocrx_word' id='word_1_134' title='bbox 1067 1348 1320 1403; x_wconf 73' lang='lat' dir='ltr'>Bibliotheque</span> <span class='ocrx_word' id='word_1_135' title='bbox 1353 1348 1544 1389; x_wconf 80' lang='lat' dir='ltr'>nationale</span> <span class='ocrx_word' id='word_1_136' title='bbox 1578 1349 1632 1389; x_wconf 94' lang='lat' dir='ltr'>IV</span> <span class='ocrx_word' id='word_1_137' title='bbox 1662 1347 1816 1403; x_wconf 83' lang='lat'>[1898],</span> <span class='ocrx_word' id='word_1_138' title='bbox 1855 1349 1917 1403; x_wconf 89' lang='lat'>8),</span> 
     </span>
     <span class='ocr_line' id='line_1_18' title="bbox 438 1411 1915 1468; baseline 0 -14"><span class='ocrx_word' id='word_1_139' title='bbox 438 1411 661 1455; x_wconf 85' lang='lat' dir='ltr'>Bodleianus</span> <span class='ocrx_word' id='word_1_140' title='bbox 696 1416 773 1455; x_wconf 87' lang='lat'>206</span> <span class='ocrx_word' id='word_1_141' title='bbox 811 1428 912 1455; x_wconf 88' lang='lat' dir='ltr'>saec.</span> <span class='ocrx_word' id='word_1_142' title='bbox 947 1413 1041 1454; x_wconf 88' lang='lat' dir='ltr'>XIII</span> <span class='ocrx_word' id='word_1_143' title='bbox 1082 1413 1151 1468; x_wconf 88' lang='lat' dir='ltr'>(cf.</span> <span class='ocrx_word' id='word_1_144' title='bbox 1189 1413 1313 1464; x_wconf 87' lang='lat' dir='ltr'>Coxe,</span> <span class='ocrx_word' id='word_1_145' title='bbox 1358 1413 1537 1467; x_wconf 88' lang='lat' dir='ltr'>Catalogi</span> <span class='ocrx_word' id='word_1_146' title='bbox 1578 1412 1759 1454; x_wconf 88' lang='lat' dir='ltr'>codicum</span> <span class='ocrx_word' id='word_1_147' title='bbox 1800 1428 1915 1454; x_wconf 86' lang='lat' dir='ltr'>mser.</span> 
     </span>
     <span class='ocr_line' id='line_1_19' title="bbox 438 1476 1916 1534; baseline 0 -15"><span class='ocrx_word' id='word_1_148' title='bbox 438 1476 689 1520; x_wconf 84' lang='lat' dir='ltr'>Bibliothecae</span> <span class='ocrx_word' id='word_1_149' title='bbox 709 1478 943 1520; x_wconf 87' lang='lat' dir='ltr'>Bodleianae</span> <span class='ocrx_word' id='word_1_150' title='bbox 966 1478 981 1519; x_wconf 93' lang='lat' dir='ltr'>I</span> <span class='ocrx_word' id='word_1_151' title='bbox 1010 1477 1103 1533; x_wconf 85' lang='lat'>[185</span> <span class='ocrx_word' id='word_1_152' title='bbox 1112 1478 1165 1534; x_wconf 90' lang='lat'>3],</span> <span class='ocrx_word' id='word_1_153' title='bbox 1198 1478 1311 1532; x_wconf 83' lang='lat'>365),</span> <span class='ocrx_word' id='word_1_154' title='bbox 1353 1478 1734 1532; x_wconf 88' lang='lat' dir='ltr'>Hierosolymitanus</span> <span class='ocrx_word' id='word_1_155' title='bbox 1764 1478 1805 1519; x_wconf 90' lang='lat' dir='ltr'>S.</span> <span class='ocrx_word' id='word_1_156' title='bbox 1825 1478 1916 1532; x_wconf 88' lang='lat' dir='ltr'>Sep.</span> 
     </span>
     <span class='ocr_line' id='line_1_20' title="bbox 439 1541 1916 1599; baseline -0.001 -14"><span class='ocrx_word' id='word_1_157' title='bbox 439 1555 481 1597; x_wconf 84' lang='lat'>34</span> <span class='ocrx_word' id='word_1_158' title='bbox 506 1557 608 1585; x_wconf 89' lang='lat' dir='ltr'>saec.</span> <span class='ocrx_word' id='word_1_159' title='bbox 638 1543 678 1584; x_wconf 92' lang='lat' dir='ltr'>X</span> <span class='ocrx_word' id='word_1_160' title='bbox 714 1543 783 1598; x_wconf 89' lang='lat' dir='ltr'>(cf.</span> <span class='ocrx_word' id='word_1_161' title='bbox 813 1543 1359 1599; x_wconf 75' lang='lat' dir='ltr'>Papadopoulos—KerameuS,</span> <span class='ocrx_word' id='word_1_162' title='bbox 1389 1541 1725 1595; x_wconf 78' lang='grc' dir='ltr'><strong><em>Ἱεροσολυμιτικὴ</em></strong></span> <span class='ocrx_word' id='word_1_163' title='bbox 1755 1546 1916 1593; x_wconf 78' lang='grc' dir='ltr'><strong><em>Βιβλιο-</em></strong></span> 
     </span>
     <span class='ocr_line' id='line_1_21' title="bbox 437 1607 1637 1664; baseline -0.001 -15"><span class='ocrx_word' id='word_1_164' title='bbox 437 1607 536 1663; x_wconf 75' lang='grc' dir='ltr'><strong><em>θήκη</em></strong></span> <span class='ocrx_word' id='word_1_165' title='bbox 565 1608 584 1649; x_wconf 92' lang='lat'>1</span> <span class='ocrx_word' id='word_1_166' title='bbox 611 1607 768 1664; x_wconf 83' lang='lat'>[1891],</span> <span class='ocrx_word' id='word_1_167' title='bbox 801 1608 911 1661; x_wconf 88' lang='lat'>106).</span> <span class='ocrx_word' id='word_1_168' title='bbox 967 1607 1084 1659; x_wconf 88' lang='lat' dir='ltr'>Libri,</span> <span class='ocrx_word' id='word_1_169' title='bbox 1113 1622 1212 1663; x_wconf 90' lang='lat' dir='ltr'>quos</span> <span class='ocrx_word' id='word_1_170' title='bbox 1242 1607 1433 1657; x_wconf 84' lang='lat' dir='ltr'>consului,</span> <span class='ocrx_word' id='word_1_171' title='bbox 1462 1608 1501 1649; x_wconf 91' lang='lat' dir='ltr'>hi</span> <span class='ocrx_word' id='word_1_172' title='bbox 1530 1615 1637 1649; x_wconf 86' lang='lat' dir='ltr'>sunt:</span> 
     </span>
    </p>

    <p class='ocr_par' dir='ltr' id='par_1_5' title="bbox 426 1672 1917 2171">
     <span class='ocr_line' id='line_1_22' title="bbox 539 1672 1917 1728; baseline -0.001 -14"><span class='ocrx_word' id='word_1_173' title='bbox 539 1687 573 1715; x_wconf 89' lang='lat'>1.</span> <span class='ocrx_word' id='word_1_174' title='bbox 611 1674 821 1715; x_wconf 89' lang='lat' dir='ltr'>Vaticanus</span> <span class='ocrx_word' id='word_1_175' title='bbox 849 1685 926 1726; x_wconf 86' lang='lat'>423</span> <span class='ocrx_word' id='word_1_176' title='bbox 958 1673 1031 1727; x_wconf 86' lang='lat'>(==</span> <span class='ocrx_word' id='word_1_177' title='bbox 1061 1674 1114 1728; x_wconf 92' lang='lat' dir='ltr'>r),</span> <span class='ocrx_word' id='word_1_178' title='bbox 1151 1673 1481 1722; x_wconf 86' lang='lat' dir='ltr'>membranaceus,</span> <span class='ocrx_word' id='word_1_179' title='bbox 1519 1672 1669 1714; x_wconf 87' lang='lat' dir='ltr'>formae</span> <span class='ocrx_word' id='word_1_180' title='bbox 1697 1672 1917 1727; x_wconf 85' lang='lat' dir='ltr'>quadratae,</span> 
     </span>
     <span class='ocr_line' id='line_1_23' title="bbox 436 1736 1916 1790; baseline -0.001 -10"><span class='ocrx_word' id='word_1_181' title='bbox 436 1752 527 1780; x_wconf 82' lang='lat' dir='ltr'>saec.</span> <span class='ocrx_word' id='word_1_182' title='bbox 548 1738 621 1788; x_wconf 91' lang='lat' dir='ltr'>XI,</span> <span class='ocrx_word' id='word_1_183' title='bbox 642 1738 923 1779; x_wconf 88' lang='lat' dir='ltr'>miscellaneus.</span> <span class='ocrx_word' id='word_1_184' title='bbox 972 1738 1162 1780; x_wconf 86' lang='lat' dir='ltr'>Anastasii</span> <span class='ocrx_word' id='word_1_185' title='bbox 1183 1737 1449 1788; x_wconf 89' lang='lat' dir='ltr'>Quaestiones</span> <span class='ocrx_word' id='word_1_186' title='bbox 1468 1736 1649 1790; x_wconf 86' lang='lat' dir='ltr'>leguntur</span> <span class='ocrx_word' id='word_1_187' title='bbox 1668 1737 1693 1778; x_wconf 93' lang='lat' dir='ltr'>f.</span> <span class='ocrx_word' id='word_1_188' title='bbox 1718 1749 1736 1789; x_wconf 85' lang='lat'>5</span> <span class='ocrx_word' id='word_1_189' title='bbox 1744 1750 1818 1790; x_wconf 80' lang='lat'>5—-</span> <span class='ocrx_word' id='word_1_190' title='bbox 1826 1739 1916 1790; x_wconf 84' lang='lat'>388.</span> 
     </span>
     <span class='ocr_line' id='line_1_24' title="bbox 433 1798 1917 1856; baseline -0.001 -11"><span class='ocrx_word' id='word_1_191' title='bbox 433 1803 557 1845; x_wconf 79' lang='lat' dir='ltr'>Sectio</span> <span class='ocrx_word' id='word_1_192' title='bbox 594 1803 829 1845; x_wconf 88' lang='lat' dir='ltr'>inscribitur:</span> <span class='ocrx_word' id='word_1_193' title='bbox 876 1798 954 1844; x_wconf 77' lang='grc' dir='ltr'>Τσῦ</span> <span class='ocrx_word' id='word_1_194' title='bbox 991 1802 1109 1856; x_wconf 80' lang='grc' dir='ltr'><strong><em>ἁγίου</em></strong></span> <span class='ocrx_word' id='word_1_195' title='bbox 1136 1799 1393 1844; x_wconf 80' lang='grc' dir='ltr'><strong><em>Ἀναστασίου</em></strong></span> <span class='ocrx_word' id='word_1_196' title='bbox 1429 1799 1663 1854; x_wconf 76' lang='grc' dir='ltr'><strong><em>ἀποκρίσεις</em></strong></span> <span class='ocrx_word' id='word_1_197' title='bbox 1698 1803 1804 1854; x_wconf 77' lang='grc' dir='ltr'><em>πρὸς</em></span> <span class='ocrx_word' id='word_1_198' title='bbox 1842 1802 1917 1851; x_wconf 82' lang='grc' dir='ltr'>τὰς</span> 
     </span>
     <span class='ocr_line' id='line_1_25' title="bbox 431 1866 1914 1921; baseline -0.001 -11"><span class='ocrx_word' id='word_1_199' title='bbox 431 1869 710 1921; x_wconf 70' lang='grc' dir='ltr'>ἐπενεχθείσας</span> <span class='ocrx_word' id='word_1_200' title='bbox 737 1867 1005 1921; x_wconf 69' lang='grc' dir='ltr'><strong><em>ἐπερωτήσας</em></strong></span> <span class='ocrx_word' id='word_1_201' title='bbox 1040 1869 1085 1909; x_wconf 77' lang='grc' dir='ltr'>ἐκ</span> <span class='ocrx_word' id='word_1_202' title='bbox 1111 1867 1224 1920; x_wconf 81' lang='grc' dir='ltr'><em>παρά</em></span> <span class='ocrx_word' id='word_1_203' title='bbox 1252 1883 1383 1910; x_wconf 82' lang='grc' dir='ltr'><strong><em>τινων</em></strong></span> <span class='ocrx_word' id='word_1_204' title='bbox 1412 1866 1670 1919; x_wconf 78' lang='grc' dir='ltr'><em>ὀρθοδόξωι·.</em></span> <span class='ocrx_word' id='word_1_205' title='bbox 1727 1868 1808 1908; x_wconf 87' lang='lat' dir='ltr'>Fol.</span> <span class='ocrx_word' id='word_1_206' title='bbox 1837 1881 1914 1921; x_wconf 86' lang='grc'>404</span> 
     </span>
     <span class='ocr_line' id='line_1_26' title="bbox 429 1931 1917 1988; baseline -0.001 -13"><span class='ocrx_word' id='word_1_207' title='bbox 429 1945 559 1987; x_wconf 81' lang='lat'>—405</span> <span class='ocrx_word' id='word_1_208' title='bbox 591 1934 750 1988; x_wconf 89' lang='lat' dir='ltr'>insuper</span> <span class='ocrx_word' id='word_1_209' title='bbox 779 1931 965 1974; x_wconf 89' lang='lat' dir='ltr'>nonnulla</span> <span class='ocrx_word' id='word_1_210' title='bbox 995 1940 1160 1983; x_wconf 86' lang='lat' dir='ltr'>exstant,</span> <span class='ocrx_word' id='word_1_211' title='bbox 1195 1946 1293 1987; x_wconf 89' lang='lat' dir='ltr'>quae</span> <span class='ocrx_word' id='word_1_212' title='bbox 1323 1947 1343 1973; x_wconf 92' lang='lat' dir='ltr'>e</span> <span class='ocrx_word' id='word_1_213' title='bbox 1374 1932 1732 1974; x_wconf 89' lang='lat' dir='ltr'>Constitutionibus</span> <span class='ocrx_word' id='word_1_214' title='bbox 1761 1940 1917 1986; x_wconf 85' lang='lat' dir='ltr'>aposto-</span> 
     </span>
     <span class='ocr_line' id='line_1_27' title="bbox 427 1997 1917 2051; baseline 0 -11"><span class='ocrx_word' id='word_1_215' title='bbox 427 1999 555 2040; x_wconf 88' lang='lat' dir='ltr'>lorum</span> <span class='ocrx_word' id='word_1_216' title='bbox 586 1998 772 2040; x_wconf 87' lang='lat' dir='ltr'>dehausta</span> <span class='ocrx_word' id='word_1_217' title='bbox 802 2012 887 2039; x_wconf 89' lang='lat' dir='ltr'>esse</span> <span class='ocrx_word' id='word_1_218' title='bbox 917 1998 1108 2039; x_wconf 89' lang='lat' dir='ltr'>dicuntur.</span> <span class='ocrx_word' id='word_1_219' title='bbox 1166 1998 1441 2051; x_wconf 87' lang='lat' dir='ltr'>Fragmentum</span> <span class='ocrx_word' id='word_1_220' title='bbox 1485 1997 1585 2039; x_wconf 88' lang='lat' dir='ltr'>haud</span> <span class='ocrx_word' id='word_1_221' title='bbox 1615 1997 1731 2039; x_wconf 90' lang='lat' dir='ltr'>dubie</span> <span class='ocrx_word' id='word_1_222' title='bbox 1760 1997 1917 2040; x_wconf 88' lang='lat' dir='ltr'>Consti-</span> 
     </span>
     <span class='ocr_line' id='line_1_28' title="bbox 426 2062 1917 2116; baseline -0.001 -11"><span class='ocrx_word' id='word_1_223' title='bbox 426 2064 568 2105; x_wconf 84' lang='lat' dir='ltr'>tutoris</span> <span class='ocrx_word' id='word_1_224' title='bbox 603 2077 685 2105; x_wconf 91' lang='lat' dir='ltr'>non</span> <span class='ocrx_word' id='word_1_225' title='bbox 715 2070 787 2104; x_wconf 89' lang='lat' dir='ltr'>est.</span> <span class='ocrx_word' id='word_1_226' title='bbox 843 2064 1029 2104; x_wconf 87' lang='lat' dir='ltr'>Attamen</span> <span class='ocrx_word' id='word_1_227' title='bbox 1067 2062 1296 2116; x_wconf 88' lang='lat' dir='ltr'>fragmentis</span> <span class='ocrx_word' id='word_1_228' title='bbox 1326 2063 1589 2104; x_wconf 80' lang='lat' dir='ltr'>Anastasianis</span> <span class='ocrx_word' id='word_1_229' title='bbox 1624 2063 1917 2116; x_wconf 84' lang='lat' dir='ltr'>adiungendum</span> 
     </span>
     <span class='ocr_line' id='line_1_29' title="bbox 427 2127 755 2171; baseline 0.003 -2"><span class='ocrx_word' id='word_1_230' title='bbox 427 2143 513 2171; x_wconf 91' lang='lat' dir='ltr'>esse</span> <span class='ocrx_word' id='word_1_231' title='bbox 541 2127 755 2170; x_wconf 83' lang='lat' dir='ltr'>videbatur.</span> 
     </span>
    </p>

    <p class='ocr_par' dir='ltr' id='par_1_6' title="bbox 425 2192 1919 2834">
     <span class='ocr_line' id='line_1_30' title="bbox 536 2192 1917 2247; baseline -0.001 -13"><span class='ocrx_word' id='word_1_232' title='bbox 536 2205 574 2235; x_wconf 85' lang='lat'>2.</span> <span class='ocrx_word' id='word_1_233' title='bbox 606 2192 927 2235; x_wconf 77' lang='lat' dir='ltr'>vindobonensis</span> <span class='ocrx_word' id='word_1_234' title='bbox 957 2194 1045 2235; x_wconf 85' lang='lat' dir='ltr'>hist.</span> <span class='ocrx_word' id='word_1_235' title='bbox 1065 2207 1122 2247; x_wconf 89' lang='lat' dir='ltr'>gr.</span> <span class='ocrx_word' id='word_1_236' title='bbox 1144 2207 1166 2246; x_wconf 92' lang='lat'><strong>7</strong></span> <span class='ocrx_word' id='word_1_237' title='bbox 1198 2192 1272 2247; x_wconf 89' lang='lat'>(--</span> <span class='ocrx_word' id='word_1_238' title='bbox 1292 2192 1352 2247; x_wconf 91' lang='lat' dir='ltr'>v),</span> <span class='ocrx_word' id='word_1_239' title='bbox 1382 2192 1713 2242; x_wconf 79' lang='lat' dir='ltr'>membranaceus,</span> <span class='ocrx_word' id='word_1_240' title='bbox 1744 2194 1781 2233; x_wconf 89' lang='lat' dir='ltr'>in</span> <span class='ocrx_word' id='word_1_241' title='bbox 1807 2192 1917 2242; x_wconf 90' lang='lat' dir='ltr'>folio,</span> 
     </span>
     <span class='ocr_line' id='line_1_31' title="bbox 427 2257 1917 2312; baseline -0.003 -11"><span class='ocrx_word' id='word_1_242' title='bbox 427 2273 528 2301; x_wconf 86' lang='lat' dir='ltr'>saec.</span> <span class='ocrx_word' id='word_1_243' title='bbox 548 2259 639 2308; x_wconf 90' lang='lat' dir='ltr'>XII,</span> <span class='ocrx_word' id='word_1_244' title='bbox 668 2257 848 2301; x_wconf 90' lang='lat' dir='ltr'>collectio</span> <span class='ocrx_word' id='word_1_245' title='bbox 869 2272 1078 2300; x_wconf 88' lang='lat' dir='ltr'>canonum.</span> <span class='ocrx_word' id='word_1_246' title='bbox 1128 2258 1319 2299; x_wconf 87' lang='lat' dir='ltr'>Continet</span> <span class='ocrx_word' id='word_1_247' title='bbox 1347 2265 1498 2312; x_wconf 89' lang='lat' dir='ltr'>praeter</span> <span class='ocrx_word' id='word_1_248' title='bbox 1517 2257 1749 2310; x_wconf 82' lang='lat' dir='ltr'>Excerptum</span> <span class='ocrx_word' id='word_1_249' title='bbox 1777 2271 1799 2297; x_wconf 91' lang='lat' dir='ltr'>e</span> <span class='ocrx_word' id='word_1_250' title='bbox 1818 2257 1917 2298; x_wconf 88' lang='lat' dir='ltr'>libro</span> 
     </span>
     <span class='ocr_line' id='line_1_32' title="bbox 428 2322 1916 2377; baseline -0.002 -12"><span class='ocrx_word' id='word_1_251' title='bbox 428 2323 519 2365; x_wconf 91' lang='lat' dir='ltr'>VIII</span> <span class='ocrx_word' id='word_1_252' title='bbox 549 2323 891 2376; x_wconf 78' lang='lat' dir='ltr'>Constitutionum</span> <span class='ocrx_word' id='word_1_253' title='bbox 919 2322 1135 2377; x_wconf 85' lang='lat' dir='ltr'>fragmenta</span> <span class='ocrx_word' id='word_1_254' title='bbox 1161 2323 1412 2364; x_wconf 82' lang='lat' dir='ltr'>Anastasiana</span> <span class='ocrx_word' id='word_1_255' title='bbox 1441 2337 1521 2372; x_wconf 87' lang='lat' dir='ltr'>sex,</span> <span class='ocrx_word' id='word_1_256' title='bbox 1550 2323 1633 2372; x_wconf 81' lang='lat' dir='ltr'>tria,</span> <span class='ocrx_word' id='word_1_257' title='bbox 1663 2322 1808 2363; x_wconf 90' lang='lat' dir='ltr'>scilicet</span> <span class='ocrx_word' id='word_1_258' title='bbox 1831 2322 1916 2372; x_wconf 87' lang='lat' dir='ltr'>VH,</span> 
     </span>
     <span class='ocr_line' id='line_1_33' title="bbox 427 2385 1917 2442; baseline -0.001 -12"><span class='ocrx_word' id='word_1_259' title='bbox 427 2389 497 2439; x_wconf 91' lang='lat' dir='ltr'>VI,</span> <span class='ocrx_word' id='word_1_260' title='bbox 526 2389 615 2438; x_wconf 90' lang='lat' dir='ltr'>XII,</span> <span class='ocrx_word' id='word_1_261' title='bbox 645 2389 828 2442; x_wconf 86' lang='lat' dir='ltr'>inscripta</span> <span class='ocrx_word' id='word_1_262' title='bbox 853 2385 918 2430; x_wconf 80' lang='grc' dir='ltr'>Ἐκ</span> <span class='ocrx_word' id='word_1_263' title='bbox 946 2392 1035 2430; x_wconf 82' lang='grc' dir='ltr'>τῶν</span> <span class='ocrx_word' id='word_1_264' title='bbox 1062 2386 1354 2429; x_wconf 73' lang='grc' dir='ltr'><strong><em>ἀποστολικῶν</em></strong></span> <span class='ocrx_word' id='word_1_265' title='bbox 1383 2386 1668 2439; x_wconf 82' lang='grc' dir='ltr'><strong><em>διαταγμάτων</em></strong></span> <span class='ocrx_word' id='word_1_266' title='bbox 1698 2386 1722 2427; x_wconf 89' lang='lat' dir='ltr'>f.</span> <span class='ocrx_word' id='word_1_267' title='bbox 1750 2389 1917 2440; x_wconf 87' lang='lat'>14—16,</span> 
     </span>
     <span class='ocr_line' id='line_1_34' title="bbox 425 2451 1918 2509; baseline -0.002 -13"><span class='ocrx_word' id='word_1_268' title='bbox 425 2454 574 2509; x_wconf 89' lang='lat' dir='ltr'>reliqua</span> <span class='ocrx_word' id='word_1_269' title='bbox 592 2453 618 2495; x_wconf 89' lang='lat' dir='ltr'>f.</span> <span class='ocrx_word' id='word_1_270' title='bbox 640 2455 775 2495; x_wconf 89' lang='lat'>8—10</span> <span class='ocrx_word' id='word_1_271' title='bbox 793 2454 858 2503; x_wconf 90' lang='lat' dir='ltr'>ita,</span> <span class='ocrx_word' id='word_1_272' title='bbox 889 2460 931 2495; x_wconf 90' lang='lat' dir='ltr'>ut</span> <span class='ocrx_word' id='word_1_273' title='bbox 949 2454 1079 2509; x_wconf 89' lang='lat' dir='ltr'>primo</span> <span class='ocrx_word' id='word_1_274' title='bbox 1101 2453 1190 2494; x_wconf 93' lang='lat' dir='ltr'>loco</span> <span class='ocrx_word' id='word_1_275' title='bbox 1210 2452 1418 2503; x_wconf 75' lang='lat' dir='ltr'>fragmenti</span> <span class='ocrx_word' id='word_1_276' title='bbox 1439 2452 1517 2493; x_wconf 86' lang='lat' dir='ltr'>XV</span> <span class='ocrx_word' id='word_1_277' title='bbox 1538 2465 1624 2506; x_wconf 90' lang='lat' dir='ltr'>pars</span> <span class='ocrx_word' id='word_1_278' title='bbox 1645 2453 1752 2506; x_wconf 91' lang='lat' dir='ltr'>prior</span> <span class='ocrx_word' id='word_1_279' title='bbox 1769 2451 1918 2505; x_wconf 90' lang='lat' dir='ltr'>legatur</span> 
     </span>
     <span class='ocr_line' id='line_1_35' title="bbox 425 2516 1917 2570; baseline -0.002 -9"><span class='ocrx_word' id='word_1_280' title='bbox 425 2533 497 2561; x_wconf 90' lang='lat' dir='ltr'>seu</span> <span class='ocrx_word' id='word_1_281' title='bbox 526 2519 757 2561; x_wconf 87' lang='lat' dir='ltr'>constitutio</span> <span class='ocrx_word' id='word_1_282' title='bbox 786 2519 889 2561; x_wconf 90' lang='lat' dir='ltr'>Petri</span> <span class='ocrx_word' id='word_1_283' title='bbox 919 2525 958 2560; x_wconf 90' lang='lat' dir='ltr'>et</span> <span class='ocrx_word' id='word_1_284' title='bbox 986 2518 1091 2559; x_wconf 89' lang='lat' dir='ltr'>Pauli</span> <span class='ocrx_word' id='word_1_285' title='bbox 1121 2517 1169 2559; x_wconf 89' lang='lat' dir='ltr'>de</span> <span class='ocrx_word' id='word_1_286' title='bbox 1198 2516 1314 2567; x_wconf 84' lang='lat' dir='ltr'>feriis,</span> <span class='ocrx_word' id='word_1_287' title='bbox 1350 2516 1526 2558; x_wconf 89' lang='lat' dir='ltr'>secundo</span> <span class='ocrx_word' id='word_1_288' title='bbox 1554 2516 1817 2570; x_wconf 86' lang='lat' dir='ltr'>fragmentum</span> <span class='ocrx_word' id='word_1_289' title='bbox 1846 2517 1917 2567; x_wconf 90' lang='lat' dir='ltr'>IX,</span> 
     </span>
     <span class='ocr_line' id='line_1_36' title="bbox 426 2581 1919 2638; baseline -0.002 -12"><span class='ocrx_word' id='word_1_290' title='bbox 426 2585 545 2626; x_wconf 86' lang='lat' dir='ltr'>tertio</span> <span class='ocrx_word' id='word_1_291' title='bbox 579 2583 788 2638; x_wconf 85' lang='lat' dir='ltr'>fragmenti</span> <span class='ocrx_word' id='word_1_292' title='bbox 823 2583 901 2625; x_wconf 95' lang='lat' dir='ltr'>XV</span> <span class='ocrx_word' id='word_1_293' title='bbox 936 2598 1023 2637; x_wconf 90' lang='lat' dir='ltr'>pars</span> <span class='ocrx_word' id='word_1_294' title='bbox 1056 2583 1174 2624; x_wconf 88' lang='lat' dir='ltr'>altera</span> <span class='ocrx_word' id='word_1_295' title='bbox 1213 2597 1281 2624; x_wconf 90' lang='lat' dir='ltr'>seu</span> <span class='ocrx_word' id='word_1_296' title='bbox 1323 2582 1553 2624; x_wconf 86' lang='lat' dir='ltr'>constitutio</span> <span class='ocrx_word' id='word_1_297' title='bbox 1593 2581 1641 2622; x_wconf 87' lang='lat' dir='ltr'>de</span> <span class='ocrx_word' id='word_1_298' title='bbox 1676 2582 1919 2635; x_wconf 88' lang='lat' dir='ltr'>temporibus</span> 
     </span>
     <span class='ocr_line' id='line_1_37' title="bbox 427 2647 1919 2703; baseline -0.002 -13"><span class='ocrx_word' id='word_1_299' title='bbox 427 2663 604 2703; x_wconf 88' lang='lat' dir='ltr'>precum,</span> <span class='ocrx_word' id='word_1_300' title='bbox 632 2656 771 2703; x_wconf 89' lang='lat' dir='ltr'>quarto</span> <span class='ocrx_word' id='word_1_301' title='bbox 799 2648 1062 2702; x_wconf 86' lang='lat' dir='ltr'>fragmentum</span> <span class='ocrx_word' id='word_1_302' title='bbox 1092 2648 1120 2689; x_wconf 93' lang='lat'>1.</span> <span class='ocrx_word' id='word_1_303' title='bbox 1179 2648 1456 2700; x_wconf 70' lang='lat' dir='ltr'>fragmentum</span> <span class='ocrx_word' id='word_1_304' title='bbox 1487 2647 1564 2687; x_wconf 95' lang='lat' dir='ltr'>XV</span> <span class='ocrx_word' id='word_1_305' title='bbox 1595 2660 1689 2688; x_wconf 89' lang='lat' dir='ltr'>vero</span> <span class='ocrx_word' id='word_1_306' title='bbox 1727 2648 1841 2688; x_wconf 88' lang='lat' dir='ltr'>etiam</span> <span class='ocrx_word' id='word_1_307' title='bbox 1878 2648 1919 2687; x_wconf 91' lang='lat' dir='ltr'>in</span> 
     </span>
     <span class='ocr_line' id='line_1_38' title="bbox 427 2710 1918 2768; baseline -0.002 -13"><span class='ocrx_word' id='word_1_308' title='bbox 427 2715 611 2768; x_wconf 85' lang='lat' dir='ltr'>Epitome</span> <span class='ocrx_word' id='word_1_309' title='bbox 630 2714 715 2755; x_wconf 88' lang='lat' dir='ltr'>libri</span> <span class='ocrx_word' id='word_1_310' title='bbox 737 2713 828 2755; x_wconf 94' lang='lat' dir='ltr'>VIII</span> <span class='ocrx_word' id='word_1_311' title='bbox 848 2713 1188 2755; x_wconf 88' lang='lat' dir='ltr'>Constitutionum</span> <span class='ocrx_word' id='word_1_312' title='bbox 1209 2713 1359 2765; x_wconf 83' lang='lat' dir='ltr'>legitur.</span> <span class='ocrx_word' id='word_1_313' title='bbox 1408 2713 1540 2766; x_wconf 87' lang='lat' dir='ltr'>Itaque</span> <span class='ocrx_word' id='word_1_314' title='bbox 1564 2710 1753 2752; x_wconf 89' lang='lat' dir='ltr'>lectiones</span> <span class='ocrx_word' id='word_1_315' title='bbox 1772 2711 1918 2753; x_wconf 87' lang='lat' dir='ltr'>codicis</span> 
     </span>
     <span class='ocr_line' id='line_1_39' title="bbox 427 2776 1918 2834; baseline -0.001 -14"><span class='ocrx_word' id='word_1_316' title='bbox 427 2780 529 2821; x_wconf 87' lang='lat' dir='ltr'>hanc</span> <span class='ocrx_word' id='word_1_317' title='bbox 559 2778 783 2834; x_wconf 83' lang='lat' dir='ltr'>particulam</span> <span class='ocrx_word' id='word_1_318' title='bbox 804 2785 1022 2833; x_wconf 83' lang='lat' dir='ltr'>spectantes</span> <span class='ocrx_word' id='word_1_319' title='bbox 1052 2777 1154 2818; x_wconf 86' lang='lat' dir='ltr'>illam</span> <span class='ocrx_word' id='word_1_320' title='bbox 1176 2778 1403 2831; x_wconf 83' lang='lat' dir='ltr'>scripturam</span> <span class='ocrx_word' id='word_1_321' title='bbox 1425 2790 1634 2817; x_wconf 86' lang='lat' dir='ltr'>recensens</span> <span class='ocrx_word' id='word_1_322' title='bbox 1662 2777 1807 2818; x_wconf 90' lang='lat' dir='ltr'>notavi.</span> <span class='ocrx_word' id='word_1_323' title='bbox 1856 2776 1918 2818; x_wconf 86' lang='lat' dir='ltr'>Ad</span> 
     </span>
    </p>
   </div>
  </div>
 </body>
</html>
