2457 3436
902 382 1124 413 mmscsnu
1150 381 1425 413 aros-romeon.
1815 370 1910 412 XIII

545 479 587 513 lX.
606 479 793 513 Exhortatio
816 478 857 512 ad
881 478 1050 522 populum,
1074 483 1108 512 ut
1130 478 1323 523 episcopum
1346 478 1521 512 honorent.
1545 493 1587 506 —
1610 477 1651 518 ΙΙ,
1674 477 1813 521 26—37,
1838 487 1865 520 3.

543 533 575 567 X.
594 533 641 566 De
663 532 752 566 salsis
775 531 938 566 fratribus.
963 546 1001 561 =
1026 532 1068 572 11,
1094 541 1144 575 37,
1166 540 1284 575 4—43.

543 587 586 621 XI.
605 587 796 621 Exhortatio
818 586 860 620 ad
883 587 1058 631 episcopos
1082 592 1116 620 et
1138 586 1304 620 diaconos.
1332 600 1368 615 =
1392 586 1432 626 11,
1454 588 1593 629 44—56.

542 641 599 675 xn.
620 641 671 674 Ad
695 641 882 686 episcopos,
905 647 939 674 ut
961 641 1059 674 mites
1081 641 1157 673 sint.
1180 655 1222 669 ει
1245 640 1286 681 11,
1313 641 1450 683 57—58.

540 694 610 729 xm.
633 694 809 728 Instructio
832 694 956 738 populi,
980 700 1014 727 ut
1036 693 1157 727 assidui
1179 694 1243 727 sint
1266 703 1303 727 se
1320 700 1564 738 congregantes
1580 693 1613 727 in
1629 693 1778 728 ecclesia.
1801 710 1843 722 -ι-
1867 693 1908 734 ΙΙ,

539 803 613 837 xlv.
636 802 690 836 De
710 809 864 846 tempore
886 802 1106 836 constituendi
1126 802 1250 836 viduas.
1274 817 1316 830 ι-
1338 802 1393 842 111,
1421 810 1514 842 1-4.

538 857 598 891 XV.
621 856 807 896 Quomodo
830 856 942 890 viduas
964 857 1060 889 decet
1082 856 1278 889 conversari.
1303 871 1346 884 —
1367 855 1423 896 ΙΙΙ,
1450 865 1548 898 5-11
1577 856 1610 899 (1
1617 857 1677 899 ς).ι

540 911 612 945 XVI.
635 911 687 945 De
703 911 906 945 institutione
922 910 1134 944 diaconorum
1151 915 1183 943 et
1195 909 1462 943 diaconissarum.
1474 926 1517 939 —
1528 909 1582 951 111,
1598 919 1720 953 12—13
1736 909 1908 954 (16—19).

539 964 629 1000 xvn.
652 965 705 998 De
728 965 884 1009 orphanis
907 964 1049 1009 parvulis
1072 964 1256 998 educandis.
1281 980 1323 992 —
1345 964 1402 1005 1v,
1427 973 1520 1005 1—4.

540 1019 646 1053 xvm.
670 1019 775 1058 Quod
797 1029 866 1052 non
889 1018 983 1052 decet
999 1019 1147 1063 accipere
1164 1028 1300 1052 munera
1315 1018 1603 1063 eleemosynarum
1620 1018 1661 1052 ab
1676 1018 1736 1058 eis,
1758 1019 1813 1063 qui
1836 1024 1910 1052 sunt

472 1073 699 1116 reprehensibiles.
724 1089 765 1101 —
789 1072 846 1112 IV,
873 1082 986 1114 5—10.

543 1127 617 1161 xlx.
645 1126 749 1166 Quod
778 1126 874 1161 decet
903 1126 1076 1161 consulere
1107 1127 1166 1167 eis,
1195 1126 1248 1171 qui
1280 1131 1415 1171 propter
1446 1137 1570 1161 nomen
1602 1126 1723 1161 Christi
1751 1131 1911 1171 martyres

473 1180 614 1225 affliguntur.
638 1195 676 1210 ==
702 1181 744 1221 V,
770 1180 863 1214 1—6.

545 1232 604 1269 XX.
624 1235 675 1269 De
699 1235 937 1268 resurrectione
960 1239 1177 1268 mortuorum.
1200 1250 1243 1263 ι-
1266 1234 1307 1275 V,
1330 1243 1426 1279 7—9.

545 1288 620 1323 xxl.
642 1289 694 1322 De
717 1289 840 1332 pascha
862 1294 896 1322 et
917 1289 1156 1323 resurrectione
1172 1288 1294 1322 Christi
1317 1288 1487 1322 salvatoris
1511 1289 1625 1323 nostri.
1648 1305 1690 1318 ι-
1713 1289 1754 1329 V,
1776 1298 1910 1323 10—20.

547 1342 634 1377 xxn.
656 1343 896 1377 Adulescentes
918 1343 1013 1377 decet
1036 1343 1147 1377 doceri
1170 1342 1314 1377 artificia.
1337 1358 1379 1370 —
1401 1343 1457 1385 lv,
1484 1353 1533 1377 11.

548 1396 649 1431 xxm.
671 1397 724 1430 De
746 1396 939 1430 haeresibus
962 1402 994 1430 et
1018 1396 1258 1430 schismatibus.
1282 1412 1324 1424 =
1347 1396 1402 1437 vl,
1429 1406 1541 1430 1—10.

550 1451 651 1485 xxlv.
674 1451 727 1485 De
750 1451 986 1485 constitutione
1008 1451 1176 1485 ecclesiae.
1221 1450 1334 1484 Refert
1357 1451 1476 1484 iterum
1497 1451 1668 1496 apostolos
1691 1457 1913 1496 congregatos

481 1502 547 1537 fuisse
561 1507 593 1537 ad
612 1505 807 1539 offendicula
830 1505 1035 1549 corrigenda.
1059 1521 1101 1534 -
1124 1505 1178 1546 vl,
1206 1515 1320 1538 tr-c.
1348 1514 1396 1548 13,
1423 1511 1464 1539 1⁸.

553 1559 637 1593 XXV.
658 1559 772 1593 Refert
796 1560 915 1593 iterum
938 1559 1109 1604 apostolos
1132 1559 1172 1593 ad
1195 1559 1352 1593 ecclesias
1375 1569 1411 1592 se
1429 1559 1632 1593 convertisse
1654 1569 1774 1604 easque
1792 1559 1914 1593 stabili-

485 1611 594 1645 visse·
613 1612 663 1655 vl,
689 1623 737 1656 ¹3·
766 1614 874 1646 rb—c.
903 1622 941 1654 14
963 1613 1048 1656 (18).

554 1666 650 1701 xxw.
674 1667 725 1701 De
749 1666 889 1700 vinculis
911 1666 1125 1700 deuteroseos
1149 1667 1221 1699 Dei.
1245 1682 1287 1694 ==
1310 1666 1367 1706 VI,
1394 1675 1517 1709 15——23
1541 1667 1600 1710 (19
1612 1667 1714 1709 -3o).

556 1730 652 1786 Supra
670 1731 850 1774 codicem
868 1732 910 1773 M
926 1733 1135 1787 scripturae
1154 1731 1365 1786 prologum
1383 1732 1630 1785 praemittere
1650 1732 1740 1774 dixi.
1769 1732 1914 1775 Eadem

486 1795 612 1845 particula
626 1796 794 1850 praefixa
815 1804 873 1838 est
888 1796 1128 1838 Didascaliae
1148 1795 1321 1838 arabicae
1341 1804 1380 1838 et
1400 1796 1640 1839 Didascaliae
1659 1797 1914 1853 aethiopicae,

487 1857 555 1899 unde
574 1861 604 1902 in
628 1877 832 1904 sermones
859 1862 1033 1913 latinum,
1062 1861 1258 1915 anglicum
1289 1868 1326 1902 et
1345 1862 1617 1915 germanicum
1637 1862 1818 1904 translata
1838 1864 1913 1905 iarn

487 1923 589 1976 saepius
610 1927 821 1977 edebatur‚¹
849 1934 963 1982 atque
992 1926 1039 1968 ad
1070 1926 1152 1967 illas
1181 1927 1388 1980 scripturas
1418 1927 1618 1976 convenit,
1646 1928 1789 1982 quippe
1818 1942 1917 1982 quae

487 1998 540 2027 non
560 1988 794 2034 Didascaliam
824 1999 997 2033 nostram
1028 2006 1097 2033 seu
1126 2005 1261 2045 puram
1293 1991 1512 2042 exhibeant,
1542 1991 1613 2033 sed
1643 1992 1915 2047 interpolatam

487 2061 532 2090 Seu
550 2052 641 2097 libros
666 2056 1157 2099 1-V1C0nstitutionum
1188 2054 1475 2110 apostolorum,
1506 2055 1736 2111 quibuscum
1765 2071 1915 2099 nomen

487 2111 644 2162 Clementis
671 2123 711 2163 in
744 2136 789 2162 ea
818 2134 1026 2162 occurrens
1056 2121 1311 2161 coniunctum
1348 2128 1419 2170 est,
1455 2134 1544 2162 cum
1574 2120 1792 2163 Didascalia
1824 2137 1921 2178 pura

487 2175 538 2219 11⁰0
558 2196 682 2227 nomen
713 2200 904 2241 nusquam
936 2200 1025 2241 prae
1055 2200 1097 2227 se
1126 2184 1234 2227 ferat.
1283 2185 1398 2234 Quae
1428 2199 1515 2226 cum
1544 2186 1595 2227 ita
1614 2187 1704 2236 sint,
1733 2186 1921 2241 prologus

487 2239 518 2280 dt
529 2247 692 2292 ordinibus
709 2250 977 2292 ecclesiasticis
993 2257 1191 2305 praeterea
1211 2249 1365 2291 uberius
1385 2257 1423 2291 et
1444 2249 1661 2291 distinctius
1685 2259 1785 2304 agat,
1804 2266 1920 2306 quam

485 2311 642 2356 secundum
679 2316 781 2357 hanc
816 2316 1043 2368 scripturam
1080 2322 1303 2368 exspectare
1331 2315 1433 2365 licet,
1470 2329 1560 2357 eum
1596 2329 1680 2357 non
1708 2315 1756 2357 ad
1785 2315 1924 2357 Didas-

485 2370 577 2416 taliam
600 2381 789 2433 pertinere
818 2380 882 2420 vix
911 2386 970 2421 est
998 2378 1170 2421 dubium.
1228 2379 1331 2420 Cum
1362 2385 1493 2420 autem
1528 2380 1710 2433 particula
1745 2394 1849 2421 nunc
1883 2381 1922 2422 in

483 2443 659 2486 recensione
698 2446 847 2499 syriaca
881 2452 1018 2495 exstet,
1056 2444 1133 2486 hoc
1168 2444 1303 2486 saltem
1345 2443 1436 2485 loco
1474 2444 1802 2486 communicanda
1840 2459 1925 2487 esse

510 2518 581 2529 >..*

561 2561 742 2597 ¹Numerus
765 2563 892 2596 uncinis
915 2563 1058 2597 inclusus
1086 2563 1220 2596 denotat
1249 2567 1345 2605 caput
1369 2562 1662 2602 Constitutionum,
1691 2574 1773 2607 quae
1803 2565 1834 2596 in
1864 2564 1925 2598 hac

483 2610 589 2647 “cfiffle
609 2623 636 2651 et
659 2618 691 2651 in
715 2617 801 2651 libro
824 2617 870 2651 VI
894 2618 985 2661 plura
1007 2618 1113 2661 capita
1136 2618 1168 2650 in
1192 2616 1375 2650 Didascalia
1399 2627 1531 2660 prorsus
1555 2616 1738 2650 deficientia
1761 2618 1894 2651 habent.

561 2670 571 2689 ²
589 2669 618 2703 ln
642 2672 726 2706 libro
751 2672 815 2704 Die
838 2672 1067 2716 Apostoliscben
1091 2671 1346 2704 Komtitueionen
1378 2671 1454 2714 1891
1489 2670 1658 2704 versiones
1688 2681 1718 2714 p.
1743 2670 1806 2704 216
1835 2681 1927 2704 com-

483 2719 619 2758 memoravi
644 2732 676 2759 et
699 2726 912 2759 recensiones
935 2725 1153 2769 aethiopicam
1176 2735 1207 2768 p.
1233 2725 1295 2758 208
1328 2729 1360 2757 et
1383 2724 1546 2758 arabicam
1572 2736 1603 2769 p.
1627 2733 1690 2768 217
1720 2725 1752 2758 in
1781 2724 1928 2768 linguam

483 2772 658 2826 &manicam
691 2780 864 2813 translatas
898 2779 994 2813 edidi.
1039 2779 1203 2813 Recensio
1238 2778 1364 2811 arabica
1395 2789 1458 2811 una
1495 2789 1570 2812 cum
1605 2778 1735 2823 reliquis
1766 2777 1930 2823 particulis

484 2815 641 2866 D¹d²⁸caliae
662 2834 811 2867 arabicae
827 2833 987 2867 additiciis
1006 2834 1104 2867 etiam
1121 2833 1153 2865 in
1170 2831 1338 2865 volumine
1353 2831 1450 2865 huius
1466 2832 1575 2876 operis
1591 2832 1694 2865 altero
1710 2843 1741 2876 p.
1762 2840 1928 2865 120—121

487 2868 559 2911 ¹²5⁰ss
578 2894 655 2920 versa
677 2893 795 2921 exstat.

534 2930 628 2981 Fun,
649 2943 778 2977 Dmuc.
801 2953 840 2977 er
862 2942 1011 2977 eamr-r.
1033 2952 1084 2976 Ae.
1129 2942 1154 2977 l.
1775 2938 1805 2971 ΙΙ
