2457 3436
969 386 1172 416 sccnssuu
1200 386 1464 416 warmacan.
1910 377 1961 415 99

470 482 610 524 offerat
638 480 877 524 oblationem
906 489 1013 524 tuam
1042 490 1199 524 sanctae
1219 483 1403 524 ecclesiae
1421 489 1524 532 tuae,
1553 490 1593 524 et
1621 483 1660 523 in
1681 483 1817 537 spiritu
1837 497 1961 524 sacer-

471 546 569 589 dotii
599 553 749 597 sancto,
779 546 925 588 habens
953 546 1173 588 facultatem
1204 547 1415 588 remittendi
1427 555 1580 601 peccata
1608 546 1824 588 secundum
1854 562 1962 588 man-

470 611 606 653 datum
639 619 765 662 tuum,
804 619 843 653 et
878 611 994 653 dandi
1031 611 1188 653 ordines
1224 610 1485 666 (secundum)
1521 612 1806 653 institutionem
1840 620 1961 663 tuam,

469 683 585 731 atque
624 676 794 718 solvendi
831 691 937 718 omne
977 677 1171 718 vinculum
1211 678 1419 732 iniquitatis
1457 676 1672 718 secundum
1713 685 1961 730 potestatem,

469 756 587 796 quam
617 740 759 783 dedisti
786 741 976 795 apostolis
1004 742 1094 792 tuis,
1132 748 1174 783 ut
1209 749 1390 795 acceptus
1422 741 1493 783 tibi
1529 742 1577 782 sit
1606 742 1646 782 in
1676 742 1894 784 sinceritate
1924 750 1963 784 et
2006 751 2028 784 5

471 819 570 861 puro
600 806 735 855 corde,
769 805 940 848 offerens
974 806 1042 848 tibi
1077 807 1222 847 odorem
1256 820 1422 856 suavem,
1454 814 1524 861 per
1550 806 1680 861 filium
1707 815 1812 847 tuum
1841 808 1961 848 Iesum

472 870 689 921 Christum,
726 872 765 912 in
805 885 884 926 quo
919 871 987 913 tibi
1024 871 1116 926 (sit)
1151 871 1233 913 laus
1269 884 1307 912 et
1342 872 1517 926 potentia
1559 879 1597 913 et
1623 871 1759 925 gloria,
1797 873 1895 926 patri
1924 880 1963 914 et

469 934 551 978 filio
582 944 620 978 et
648 936 798 990 spiritui
834 944 984 986 sancto,
1019 937 1059 977 in
1094 944 1224 978 sancta
1260 936 1420 977 ecclesia
1456 950 1560 978 nunc
1596 944 1634 978 et
1669 951 1826 991 semper
1855 944 1893 979 et
1922 939 1961 978 in

470 1002 619 1043 saecula
654 1000 912 1052 saeculorum,
950 1004 1106 1042 amen“.
1165 1002 1201 1042 8.
1236 1001 1449 1055 Postquam
1493 1002 1699 1055 episcopus
1733 1000 1855 1042 factus
1889 1010 1961 1053 est,

470 1080 612 1107 omnes
641 1067 677 1107 ei
698 1080 766 1107 ore
786 1080 858 1107 suo
885 1081 1021 1120 pacem
1044 1066 1150 1115 dent,
1181 1081 1270 1107 eum
1293 1065 1526 1107 osculantes.
1576 1079 1612 1119 9.
1643 1067 1811 1108 Diaconi
1830 1074 1960 1108 autern
1988 1076 2028 1107 ιο

471 1132 504 1172 ei
524 1130 766 1173 oblationem
786 1130 970 1173 adferant.
1025 1145 1086 1172 10.
1113 1131 1295 1186 Cumque
1317 1145 1476 1173 manum
1499 1145 1609 1172 suam
1629 1145 1744 1185 super
1763 1131 1961 1173 oblatione

470 1197 644 1250 posuerit
679 1203 718 1238 et
752 1195 978 1250 presbyteri,
1014 1195 1115 1237 dicat
1151 1197 1291 1250 gratias
1329 1210 1466 1250 agens:
1515 1209 1572 1237 11.
1610 1196 1836 1247 „Dominus
1872 1210 1961 1238 cum

470 1261 653 1303 omnibus
681 1261 833 1311 vobis“‚
867 1267 906 1302 et
935 1261 1136 1302 universus
1165 1260 1331 1315 populus
1360 1261 1476 1303 dicat:
1511 1261 1644 1312 „Cum
1673 1262 1808 1315 spiritu
1845 1265 1961 1312 tuo“;

470 1334 508 1368 et
535 1326 656 1367 dicat:
687 1325 877 1377 „Sursum
908 1325 1026 1367 corda
1053 1329 1221 1375 vestra“,
1258 1333 1296 1367 et
1318 1326 1486 1381 populus
1508 1325 1628 1367 dicat:
1659 1325 1886 1377 „Habemus
1913 1326 1961 1367 ad

469 1391 737 1441 Dominum“;
774 1398 812 1432 et
842 1404 971 1432 rursus
1001 1390 1120 1432 dicat:
1157 1390 1337 1440 „Gratias
1366 1405 1526 1444 agamus
1556 1391 1777 1440 Domino“,
1812 1398 1850 1432 et
1879 1392 1963 1432 uni·
1989 1401 2028 1432 ιδ

469 1469 602 1498 versus
632 1454 798 1510 populus
831 1455 950 1496 dicat:
980 1456 1185 1509 „Dignum
1217 1464 1254 1496 et
1283 1457 1426 1496 iustum
1459 1454 1603 1509 (est)“.
1658 1467 1716 1496 12.
1747 1455 1794 1496 Et
1823 1456 1961 1496 iterum

469 1521 544 1563 hoc
575 1520 700 1562 modo
729 1527 817 1562 oret
849 1528 887 1562 et
915 1521 1118 1575 sequentia
1147 1519 1363 1561 secundum
1394 1521 1680 1561 institutionem
1711 1527 1865 1561 sanctae
1895 1520 1963 1561 ob-

468 1585 622 1627 lationis
652 1585 764 1627 dicat.

583 1663 642 1704 13.
673 1650 829 1692 Deinde
860 1650 994 1692 dicunt
1025 1650 1245 1691 orationem
1277 1650 1568 1690 eucharisticam
1591 1649 1821 1704 episcopum
1855 1663 1963 1704 prae—

468 1723 628 1758 euntem
650 1723 877 1770 sequentes:
914 1729 973 1768 14.
1004 1715 1185 1766 „Gratias
1205 1715 1357 1769 agimus
1377 1713 1457 1765 tibi,
1481 1714 1667 1765 Domine,
1687 1727 1756 1768 per
1776 1714 1961 1756 dilectum
1986 1726 2029 1756 20

466 1780 589 1823 filium
619 1788 731 1822 tuum
751 1781 879 1822 Iesum
906 1780 1121 1831 Christum,
1151 1793 1266 1834 quem
1298 1781 1337 1820 in
1365 1779 1510 1821 ultimis
1533 1778 1668 1820 diebus
1689 1779 1826 1820 misisti
1847 1779 1963 1820 nobis

466 1846 700 1888 salvatorem
731 1853 769 1888 et
797 1845 1108 1899 redemptorem,
1137 1846 1318 1886 nuntium
1350 1844 1501 1885 consilii
1529 1845 1597 1886 tui.
1660 1855 1719 1895 15.
1749 1844 1826 1885 Iste
1857 1843 1959 1899 (est)

576 1958 596 1988 2
619 1954 731 1988 Ioann.
756 1962 808 1995 20,
826 1962 877 1996 23.
902 1972 942 1977 —
965 1957 986 1987 4
1009 1953 1070 1985 les.
1097 1953 1146 1995 58,
1164 1951 1194 1985 6.
1220 1970 1261 1977 -
1283 1957 1304 1987 4
1327 1951 1442 1985 Matth.
1465 1952 1514 1992 18,
1534 1951 1582 1985 18.
1608 1970 1646 1976 —
1671 1955 1691 1985 6
1715 1951 1797 1995 Eph.
1823 1961 1850 1993 5,
1869 1961 1897 1985 2.
1924 1972 1963 1977 —

464 2014 486 2044 6
510 2010 585 2042 Act.
608 2017 639 2050 4,
663 2012 715 2043 80.

574 2099 596 2129 4
619 2094 795 2138 iniquitatis
818 2098 861 2133 >
884 2093 912 2126 L
934 2093 961 2126 E
980 2095 986 2135 Ι
1012 2097 1031 2127 7
1055 2093 1087 2126 in
1111 2103 1177 2137 quo
1201 2104 1209 2126 ε
1234 2103 1292 2137 per
1315 2102 1413 2136 quem
1437 2091 1463 2124 L
1485 2091 1511 2124 E
1536 2091 1542 2132 Ι
1573 2095 1614 2125 10
1636 2091 1822 2124 osculantes
1847 2103 1854 2124 :
1878 2091 1964 2125 salu-

463 2156 572 2184 tantes
601 2150 675 2194 quia
703 2148 821 2192 dignus
851 2147 987 2181 effectus
1002 2150 1060 2180 'est
1089 2147 1115 2180 L
1140 2149 1146 2189 Ι
1174 2148 1267 2187 16120
1290 2147 1408 2179 iterum
1433 2164 1472 2169 -
1499 2150 1673 2189 sequentes
1698 2157 1705 2178 :
1730 2146 1776 2178 sic
1799 2146 1864 2178 iam
1888 2156 1964 2190 pro-

466 2209 623 2248 sequatur
644 2202 671 2236 L

508 2303 628 2345 8—33.
661 2301 712 2334 De
740 2300 868 2343 liturgia
898 2299 1179 2333 Constitutionum

464 2355 584 2390 eccles.
607 2366 680 2398 aeg.
711 2354 873 2398 disputavi
903 2354 936 2387 in
965 2353 1180 2397 TheologIsche

465 2409 717 2454 Quartalschrist
744 2409 824 2452 1898
848 2419 879 2452 p.
906 2416 1062 2451 513—47.

507 2474 539 2509 9.
558 2464 595 2497 In
612 2462 909 2497 constitutionibus
927 2467 1031 2506 apost.
1049 2462 1134 2503 V111,
1151 2471 1178 2504 5,

468 2527 604 2558 11-12,
624 2527 643 2550 2
659 2516 809 2551 osculum
832 2516 977 2561 episcopi
1001 2521 1178 2559 sequuntur

464 2572 565 2606 lectio
588 2572 620 2605 S.
644 2571 837 2616 Scripturae‚
859 2569 996 2603 homilia
1019 2570 1176 2613 episcopi,

465 2637 579 2671 preces
608 2635 707 2670 super
735 2625 1001 2665 catechumenos,
1038 2634 1177 2667 energu-

464 2691 593 2720 menos,
622 2684 863 2723 competentes,
893 2678 1097 2722 paenitentes
1121 2688 1177 2711 eo-

464 2745 601 2780 rumque
624 2733 783 2774 dimissio,
808 2742 922 2775 preces
940 2742 1037 2776 super
1054 2731 1176 2771 fideles,

464 2788 615 2822 osculum
638 2787 752 2832 populi
774 2793 806 2821 et
829 2786 986 2820 nonnulla
1002 2786 1073 2826 alia,
1097 2797 1179 2830 quae

464 2844 575 2876 omnia
598 2842 650 2876 hic
673 2843 802 2875 desunt.

511 2907 559 2931 12.
589 2899 703 2930 iterum
730 2896 759 2928 h.
784 2907 824 2928 m.
855 2896 935 2938 oret]
966 2906 1011 2928 sc.
1036 2900 1178 2938 repetat:

1246 2298 1382 2340 dignum
1394 2303 1427 2331 et
1435 2297 1556 2331 iustum
1569 2303 1629 2330 est.
1638 2315 1670 2322 -
1679 2297 1850 2340 sequentia]
1861 2307 1906 2330 sc.
1915 2308 1953 2330 ea

1246 2363 1328 2397 quae
1353 2351 1392 2385 C.
1416 2351 1455 2384 A.
1480 2351 1568 2390 VIII,
1596 2360 1644 2391 12,
1664 2350 1770 2393 6-29
1800 2350 1961 2394 leguntur.

1293 2415 1428 2449 13-34.
1453 2405 1501 2437 Ex
1525 2404 1677 2437 versione
1702 2404 1896 2447 aethiopica.

1292 2468 1428 2501 14-21.
1442 2459 1531 2491 Haec
1542 2458 1647 2491 oratio
1660 2457 1693 2490 in
1701 2457 1844 2501 Liturgia
1858 2459 1960 2493 aethi-

1246 2515 1351 2558 opica,
1388 2524 1484 2557 quam
1519 2512 1708 2545 Hammond
1741 2512 1775 2545 in
1804 2512 1964 2557 Liturgies

1246 2569 1380 2602 Eastern
1405 2568 1470 2600 and
1490 2567 1629 2600 Western
1656 2567 1737 2608 1878
1762 2577 1792 2610 p.
1812 2568 1963 2610 238—64

1245 2622 1428 2667 publicavit,
1451 2620 1520 2655 fere
1535 2620 1743 2661 verbotenus,
1768 2621 1870 2654 modo
1888 2621 1958 2654 aliis

1245 2676 1415 2711 sententiis
1432 2675 1621 2715 intersertis,
1639 2674 1769 2717 legitur.
1810 2675 1863 2708 Cf.
1882 2686 1960 2720 syn-

1247 2732 1337 2775 opsis
1350 2736 1507 2770 textuum,
1521 2740 1618 2772 quam
1631 2730 1753 2762 institui
1766 2730 1799 2763 in
1817 2730 1960 2774 Iheolog.

1249 2785 1497 2828 Quartalschrist
1514 2784 1594 2826 1898
1607 2792 1720 2826 p.535.
1746 2783 1862 2818 Oratio
1872 2785 1962 2818 Con-

1247 2839 1452 2873 stitutionum
1488 2842 1593 2881 apost.
1627 2836 1715 2877 VIII,
1750 2847 1799 2879 12,
1835 2848 1963 2882 30-39

1247 2893 1333 2927 haud
1358 2892 1569 2926 mediocriter
1591 2891 1740 2933 divergit.

1792 2951 1831 2981 7*
