2457 3436
842 367 1158 397 consnwnonss
1184 367 1464 397 APOSTOLORUM.
1846 359 1902 397 25

399 477 560 513 σαντες,
589 461 741 505 ἄλλοτε
769 464 813 505 δὲ
840 461 919 504 τὸν
947 462 1045 517 (τῷ,
1075 471 1114 505 et
1141 462 1319 505 similiter
1345 462 1551 517 deinceps)
1581 463 1696 505 Βαὰλ
1724 466 1791 505 καὶ
1821 464 1906 505 τὸν

406 528 576 580 Θαμοῦς
614 526 809 582 (Χαμώς)
846 530 914 569 καὶ
950 526 1029 582 τήν
1063 529 1259 569 σιδωνίαν
1289 526 1509 582 Ἀστάρτην
1541 531 1608 569 καὶ
1644 528 1720 569 τὸν
1756 528 1904 581 Μολὸχ

405 592 632 648 (Μολχώμ)
661 594 731 634 καὶ
758 591 852 648 [τὸν
872 592 1051 648 Χαμιός],
1080 594 1184 635 ποτὲ
1201 594 1276 646 μὲν
1299 592 1378 636 τὸν
1396 591 1515 647 ἥλιον
1542 595 1610 635 καὶ
1629 593 1706 647 τὴν
1725 593 1900 648 σελήνην

403 660 471 699 καὶ
490 657 590 706 τοὺς
609 657 794 710 α’στέρας,
813 655 840 699 ἃ
859 655 883 699 6
901 657 999 706 θεὸς
1018 659 1074 706 εἰς
1093 662 1245 710 φαῦσιν
1260 657 1504 711 ἀνθρώπων
1519 653 1783 713 (ἀνθρώποις
1799 658 1904 713 CC)-

402 724 626 776 πεποίηκεν
655 721 860 777 (ἐποίησε)
889 724 958 764 καὶ
991 719 1068 765 οὐκ
1096 723 1152 772 εἰς
1178 722 1469 777 προσκύνησιν,
1507 724 1610 765 ποτὲ
1643 724 1687 765 δὲ
1714 725 1783 764 καὶ
1811 722 1904 778 [τὰ]-

403 786 535 840 ἄλογα
562 791 649 839 ζῶα
677 786 751 842 (4-
775 787 961 842 ἐτίμων),
991 785 1048 836 ὡς
1075 784 1169 839 παρ’
1193 789 1434 842 Αἰγυπτίοις
1460 787 1536 829 τὸν
1560 786 1672 829 Ἄπιν
1699 793 1805 839 βοῦν
1830 790 1899 829 καὶ

403 852 480 894 τὸν
497 851 716 905 μενδὴσιον
734 851 888 906 τράγον
907 855 974 894 καὶ
995 852 1119 901 θεοὺς
1138 850 1338 907 ἀργυροῦς
1355 855 1421 894 καὶ
1441 857 1616 905 χρυσοῦς
1637 854 1710 908 (4-
1726 852 1785 902 ὡς
1800 853 1900 907 CG)

403 918 448 958 ἐν
466 921 519 970 τῇ
539 916 719 972 Ἰουδαίᾳ.
766 916 895 970 ταύτῃ
916 933 981 959 τοι
1009 917 1228 971 προδήλως
1247 915 1430 959 ἀπειλῶν
1457 917 1599 966 αὐτοῖς
1620 915 1643 960 6
1662 918 1761 966 θεὸς
1790 917 1900 971 ἔλεγε

403 981 471 1024 διὰ
498 986 576 1024 τοῦ
602 981 837 1036 προφήτου·
867 983 967 1036 ,,Μὴ
991 983 1140 1036 μικρὸν
1163 987 1292 1025 τοῦτο
1312 989 1374 1036 τῷ
1393 984 1496 1035 οἴκῳ
1517 982 1657 1033 Ἰούδα,
1685 992 1819 1025 ποιεῖν
1846 983 1900 1025 τὰ

400 1046 684 1101 βδελλύγματα
717 1051 860 1098 ταῦτα,
895 1044 922 1088 ἃ
955 1047 1165 1101 ἐποίησαν,
1201 1044 1265 1090 ὅτι
1301 1048 1528 1102 ἐνέπλησαν
1564 1047 1764 1102 (ἔπλησαν
1801 1047 1905 1102 CG).

402 1112 479 1162 τὴν
505 1115 585 1165 γῆν
620 1108 791 1164 ἀνομίας
823 1118 901 1154 τοῦ
934 1115 1176 1165 παροργίσαι
1203 1117 1279 1165 με“
1315 1112 1401 1167 (Ez.
1432 1114 1469 1163 8,
1505 1126 1566 1165 17.
1602 1114 1659 1154 18.
1692 1136 1740 1143 —
1772 1113 1818 1154 C.
1848 1113 1903 1153 A-

403 1177 454 1228 V,
491 1188 553 1227 12,
582 1189 661 1218 2—
666 1176 724 1231 3).

515 1243 552 1282 6.
589 1241 739 1284 Chron.
770 1256 803 1283 c.
839 1254 927 1294 151,
957 1242 1017 1284 ed.
1047 1242 1215 1284 Muralto
1246 1256 1283 1296 p.
1317 1254 1406 1295 357,
1435 1243 1505 1284 PG
1539 1255 1627 1293 110,
1659 1255 1755 1296 547:
1787 1244 1902 1296 Μηδὲ

401 1310 478 1360 τῆς
505 1306 616 1359 ἱερᾶς
642 1310 730 1348 τῶν
749 1303 996 1349 ἀποστόλων
1017 1308 1275 1355 διδασκαλίας
1295 1309 1362 1348 καὶ
1381 1310 1651 1361 παραγγελίας
1676 1305 1905 1356 ἀκούοντες

403 1376 479 1425 τῆς
505 1370 716 1425 λεγούσης·
750 1368 836 1413 Οὐκ
865 1371 1133 1424 ἐπιτρέπομεν
1160 1371 1308 1413 λαϊκὸν
1335 1380 1469 1413 ποιεῖν
1488 1388 1529 1413 τι
1558 1378 1646 1413 τῶν
1665 1372 1901 1424 ἱερατικαῖν,

402 1433 497 1478 οἶον
526 1437 673 1484 θυσίας
700 1434 726 1489 ἢ
752 1435 957 1488 βάπτισμα
985 1432 1010 1489 ἢ
1035 1438 1293 1489 χειροθεσίαν
1333 1434 1358 1489 ἢ
1390 1432 1580 1489 εὐλογίαν
1605 1436 1755 1489 μικρὰν
1784 1434 1807 1490 ἢ
1834 1452 1902 1489 με-

401 1500 546 1555 γάλην,
574 1503 667 1550 „aaz
698 1497 771 1553 οὐχ
798 1500 933 1553 ἑαυτῷ
960 1517 1023 1549 τις
1050 1500 1245 1553 λαμβάνει
1265 1500 1338 1555 τὴν
1359 1500 1490 1554 τιμήν,
1521 1498 1623 1542 ἀλλὰ
1642 1500 1900 1555 καλούμενος

404 1563 491 1607 ὑπὸ
518 1569 652 1607 θεοῦ“
680 1564 822 1621 (Hebr.
851 1577 887 1618 5,
907 1565 974 1619 4)·
1004 1565 1070 1607 διὰ
1087 1565 1166 1619 γὰρ
1186 1571 1258 1619 τῆς
1277 1566 1502 1615 ἐπιθέσεως
1530 1571 1619 1607 τῶν
1645 1571 1794 1619 χειρῶν
1823 1570 1909 1608 τοῦ

402 1630 636 1672 ἐπισκόπου
663 1631 820 1673 δίδοται
848 1628 1064 1685 ἡτοιαύτη
1093 1629 1194 1682 ἀξία.
1244 1628 1267 1671 6
1297 1631 1341 1672 δὲ
1367 1630 1421 1685 μὴ
1440 1631 1700 1685 ἐγχειρισθεὶς
1726 1631 1898 1685 ταύτην,

402 1693 491 1738 ἀλλ’
529 1693 713 1749 ἁρπάσας
747 1697 814 1738 καὶ
848 1696 1103 1750 τυραννήσας
1137 1694 1269 1749 αὐτὴν
1305 1695 1452 1749 ἑαυτῷ,
1487 1696 1563 1750 τὴν
1597 1694 1798 1749 ἁμαρτίαν
1831 1698 1901 1738 καὶ

402 1760 483 1815 τὴν
516 1763 716 1813 τιμωρίαν
749 1766 828 1803 τοῦ
862 1760 1004 1802 Σαοὺλ
1037 1762 1106 1802 καὶ
1138 1757 1266 1813 Ὀςίου
1299 1759 1584 1813 ὕποστήσεται.
1643 1760 1695 1802 ου’
1725 1761 1808 1815 μὴν
1842 1763 1898 1811 δέ,

403 1824 497 1867 ἀλλ’
535 1825 631 1867 οὐδὲ
665 1834 753 1875 τοῖς
786 1830 947 1874 λοιποῖς
987 1830 1194 1880 κληρικοτς
1236 1826 1504 1879 ἐπιτρέπομεν
1546 1828 1767 1878 βαπτίζειν,
1810 1824 1909 1868 οἷον

403 1890 616 1940 διαπόνως
642 1888 669 1944 ἢ
697 1887 980 1944 άναγνώσταις
1006 1888 1031 1944 ἢ
1055 1890 1229 1943 ψάλταις
1257 1889 1282 1945 ἢ
1311 1888 1541 1945 ὑπηρέταις,
1579 1887 1667 1932 ἀλλ’
1704 1889 1729 1945 ἢ
1755 1891 1904 1944 μόνοις

404 1954 646 2005 ἐπισκόποις
677 1957 747 1998 καὶ
774 1956 1076 2009 πρεσβυτέροις,
1113 1956 1498 2010 ἐξυπερητουμένων
1533 1955 1673 2004 αὐτοῖς
1702 1961 1789 1997 τῶν
1818 1957 1902 1997 δια·

405 2020 549 2062 κόνων
582 2045 628 2051 -
659 2021 698 2063 οἱ
733 2021 776 2062 δὲ
809 2024 1046 2074 τολμῶντες
1073 2026 1202 2063 τοῦτο
1231 2025 1321 2063 ταῖν
1347 2024 1553 2075 Κορητῶν
1581 2019 1796 2063 ὑποίσουσι
1823 2020 1910 2074 τὴν

405 2088 524 2140 δίκην
554 2109 604 2116 -
633 2088 702 2127 καὶ
733 2087 873 2138 μέντοι
911 2084 1008 2127 οὐδὲ
1043 2087 1332 2139 πρεσβυτέροις
1364 2095 1614 2138 χειροτονεῖν
1648 2086 1848 2128 διάκονον
1876 2084 1904 2140 ἢ

405 2150 675 2192 διακόνισσαν
694 2148 719 2204 ἢ
738 2149 1006 2204 ἀναγνώστας
1025 2148 1049 2204 ἢ
1070 2148 1275 2205 ὑπηρέτας
1293 2150 1318 2203 ἢ
1339 2150 1572 2203 πυλωρούς,
1601 2148 1690 2192 ἀλλ’
1715 2150 1739 2204 ἢ
1758 2152 1904 2203 μόνοις

405 2224 494 2264 τοῖς
522 2214 772 2264 ἐπισκόποις.
820 2214 925 2268 αὕτη
944 2214 1020 2269 γάρ
1039 2216 1150 2257 ἐστιν
1175 2214 1199 2269 ἡ
1221 2216 1334 2267 τάξις
1353 2214 1378 2270 ἢ
1398 2215 1570 2269 ἔννομος
1590 2216 1905 2270 ἐκκλησιαστικὴ

405 2282 477 2322 καὶ
504 2281 705 2334 θεάρετος
734 2279 908 2333 ἁρμονία
935 2282 1004 2322 καὶ
1032 2279 1288 2329 κατάστασις.
1347 2281 1393 2323 C.
1424 2281 1472 2322 A.
1501 2281 1566 2331 111,
1602 2294 1724 2322 10—1
1738 2295 1769 2323 1.

518 2358 555 2398 7.
594 2344 745 2387 Chron.
775 2359 808 2386 c.
843 2346 931 2397 185,
968 2344 1029 2386 ed.
1060 2344 1229 2387 Muralto
1260 2360 1297 2399 p.
1328 2348 1557 2399 416—419‚
1587 2346 1668 2387 PG.
1704 2358 1791 2396 110,
1822 2348 1902 2399 627

409 2413 562 2463 -6322
587 2407 652 2459 Ὡς
673 2409 783 2465 (καὶ)
804 2410 850 2452 ἐν
868 2419 958 2459 ταῖς
977 2410 1268 2458 α’ποστολικατς
1287 2410 1545 2461 Διατοὶξεσί
1572 2424 1696 2464 φησιν
1725 2409 1748 2452 6
1779 2410 1906 2464 λόγος

408 2472 454 2529 (6
474 2479 591 2524 θεῖος
609 2475 731 2528 λόγος
750 2473 889 2524 οὕτως
906 2474 1068 2529 φησίν)·
1085 2474 1217 2517 Ἔστω
1236 2476 1278 2516 δὲ
1300 2473 1323 2517 6
1343 2474 1483 2529 κριτὴς
1503 2471 1901 2529 άπροσωπόληπτος,

405 2539 505 2595 μήτε
545 2540 749 2582 πλούσιον
785 2539 1079 2593 ἐντρεπόμενος
1116 2538 1142 2593 ἢ
1176 2540 1417 2581 κολακεύων
1454 2539 1567 2592 παρὰ
1603 2540 1654 2582 τὸ
1688 2544 1911 2594 προσῆκον

406 2605 508 2658 μήτε
526 2607 704 2659 πένητος
723 2606 973 2658 φειδόμενος.
1021 2604 1113 2655 ,,Ου’
1132 2605 1270 2658 λήψῃ’(
1298 2605 1387 2658 γάρ,
1416 2607 1525 2659 φησί,
1554 2604 1809 2658 ,,πρόσωπον
1837 2607 1903 2647 δυ-

408 2670 565 2712 νάστου
594 2669 709 2725 (Lev.
745 2683 805 2723 19,
840 2670 925 2725 15),
958 2672 1027 2711 καὶ
1059 2672 1217 2725 πένητα
1252 2669 1330 2711 οὐκ
1363 2669 1537 2724 ἐλεήσεις
1569 2671 1614 2712 ἐν
1648 2673 1775 2724 κρίσει
1811 2671 1906 2725 (Ex.v

408 2748 473 2789 23,
506 2735 566 2789 3),
596 2732 661 2777 ὅτι
689 2740 768 2777 τοῦ
795 2737 939 2788 κυρίου
966 2733 991 2789 ἦ
1019 2738 1149 2788 κρίσις
1179 2734 1319 2789 (Deut.
1355 2749 1387 2786 1,
1413 2734 1496 2789 17),
1526 2734 1628 2790 [καὶ]
1657 2737 1824 2784 δικαίως
1852 2736 1912 2778 τὸ·

406 2803 568 2843 δίκαιον
597 2798 814 2851 defige-cast
835 2801 974 2854 (Dent.
1001 2803 1060 2851 16,
1083 2801 1169 2854 20),
1198 2803 1266 2841 καὶ
1287 2798 1364 2841 ούκ
1383 2797 1514 2852 ἀρέσει
1533 2804 1595 2852 τῷ
1615 2801 1759 2853 δικαίῳ
1780 2799 1910 2842 οὐδὲν

405 2865 554 2907 ἄδικον
589 2864 659 2920 (C.
690 2866 738 2906 A.
768 2866 815 2916 ΙΙ,
848 2878 883 2917 5,
917 2879 932 2905 1
951 2864 1054 2919 -2).
1113 2863 1215 2906 ὅθεν
1251 2862 1300 2906 οὐ
1334 2866 1395 2906 δεῖ
1425 2864 1642 2915 πιστεύειν,
1683 2863 1741 2914 ὡς
1776 2866 1909 2918 ἔτυχε,
