2457 3436
476 387 553 428 XII
1080 398 1365 428 PROLEGOMENA.

478 495 577 536 hauc
606 495 847 548 scripturam,
878 495 916 536 in
946 502 1132 549 quantum
1163 494 1245 536 fieri
1275 502 1418 549 potest,
1448 509 1569 548 aeque
1590 508 1633 535 ac
1654 494 1755 535 illam
1786 495 1826 535 in
1848 495 1972 548 capita

478 567 517 601 et
546 574 679 601 versus
710 560 894 613 dispono,
924 567 964 600 ut
993 559 1115 600 lector
1143 559 1252 600 facile
1281 559 1420 607 videat,
1450 574 1548 613 quae
1569 567 1694 613 partes
1715 560 1785 600 sibi
1807 574 1973 613 respon·

476 624 608 666 deant.
658 624 773 666 Ordo
803 625 1096 674 sententiarum,
1126 625 1156 665 si
1179 639 1297 678 pauca
1318 624 1490 665 membra
1511 623 1736 665 brevissima
1757 626 1972 679 exceperis,

479 690 518 730 in
554 697 714 744 utraque
749 691 935 743 scriptura
970 689 1111 744 ubique
1147 689 1249 730 idem
1288 697 1357 731 est.
1415 689 1542 743 Caput
1577 689 1624 731 de
1660 689 1973 731 adulescentibus

477 754 688 795 educandis
718 754 845 795 solum
876 755 1070 796 diversum
1111 754 1242 795 locum
1274 755 1436 796 obtinet.
1494 755 1709 795 Didascalia
1745 754 1806 795 vel
1841 755 1973 796 versio

479 820 626 874 syriaca
655 819 877 873 particulam
908 821 947 860 in
978 820 1102 873 capite
1126 820 1242 860 XXII
1272 820 1437 870 exhibet,
1468 820 1783 861 Constitutioncs
1813 827 1973 873 aposto-

478 884 606 926 lorum
642 884 711 934 1V,
747 897 807 934 11,
848 898 936 925 cum
972 884 1187 925 secundum
1224 884 1403 925 ordinem
1440 884 1538 925 illius
1571 885 1781 938 scripturae
1817 884 1857 925 in
1894 884 1972 926 fine

480 949 561 990 libri
584 950 618 990 V
641 949 897 1003 exspectanda
917 950 983 999 sit3
1014 950 1142 990 versio
1172 949 1285 990 latina
1306 950 1501 1004 utrimque
1521 949 1663 991 deficit.
1713 950 1826 990 Ratio
1860 949 1972 991 huius

479 1014 664 1055 editionis
694 1014 889 1068 poscebat,
927 1021 968 1055 ut
1004 1014 1211 1069 particulae
1246 1015 1282 1054 in
1323 1021 1482 1069 utraque
1511 1015 1696 1068 scriptura
1726 1014 1829 1055 idern
1863 1014 1972 1055 locus

478 1076 760 1129 attribueretur,
777 1087 815 1120 et
830 1093 1064 1133 quamquam
1083 1078 1393 1120 Didascaliamffin
1412 1078 1483 1120 hac
1500 1094 1541 1120 re
1557 1093 1697 1133 magna
1713 1078 1789 1120 fide
1809 1078 1969 1132 dignam

480 1158 568 1186 esse
597 1158 679 1185 non
711 1158 829 1197 nego,
860 1143 959 1185 ordo
990 1144 1329 1185 Constitutionum
1369 1144 1463 1185 mihi
1494 1143 1765 1198 praeferendus
1796 1152 1890 1185 erat.

588 1210 748 1250 Partitio
778 1210 969 1250 versionis
998 1210 1168 1263 syriacae
1195 1223 1283 1249 cum
1306 1223 1326 1249 a
1345 1210 1532 1263 scriptura
1553 1210 1633 1264 ipsa
1653 1209 1775 1249 aliena
1795 1210 1858 1259 sit,
1889 1223 1971 1249 non

480 1281 539 1315 est
569 1273 782 1315 retinenda.
839 1275 1023 1315 Attamen
1060 1274 1135 1315 hoc
1172 1273 1262 1314 loco
1299 1288 1416 1327 pauca
1448 1274 1494 1315 de
1531 1289 1575 1315 ea
1611 1273 1832 1315 disserenda
1868 1282 1971 1314 sunt.

480 1339 618 1393 Capita
648 1340 686 1379 in
717 1339 853 1380 codice
882 1338 1091 1394 P[arisino]
1120 1339 1257 1380 XXVI
1288 1348 1389 1380 sunt.
1439 1338 1579 1380 Codex
1599 1337 1972 1394 mesopotamiens]

482 1411 596 1457 caput
621 1404 755 1444 XXIII
784 1404 823 1445 in
854 1403 933 1445 duo
964 1403 1159 1445 dissecans
1189 1405 1310 1458 capita
1330 1404 1486 1445 XXVII
1506 1404 1630 1445 habet.
1680 1403 1859 1445 Ambitus
1888 1418 1972 1457 par-

480 1469 578 1510 tium
610 1469 647 1509 in
680 1477 846 1523 utroque
874 1467 972 1509 libro
1002 1469 1105 1509 idem
1137 1477 1206 1519 est,
1237 1470 1310 1509 nisi
1339 1468 1446 1523 quod
1476 1470 1597 1523 capita
1621 1469 1755 1509 XXIII
1776 1477 1813 1509 et
1833 1469 1971 1509 XXIV

481 1532 629 1574 codicis
646 1533 689 1574 M
720 1535 834 1587 capiti
863 1533 997 1575 XXIII
1018 1533 1163 1575 codicis
1184 1534 1213 1574 P
1234 1533 1486 1587 respondent,
1517 1541 1556 1575 et
1585 1535 1755 1588 exceptis
1785 1533 1972 1587 capitibus

483 1598 538 1638 VI
567 1606 604 1640 et
634 1598 721 1648 VII,
753 1598 813 1639 ubi
844 1600 882 1639 in
912 1599 955 1639 M
985 1598 1084 1640 ordo
1113 1598 1285 1640 turbatus
1316 1606 1384 1639 est.
1433 1599 1634 1640 Lemmata
1664 1599 1831 1652 capitum
1864 1600 1900 1639 in
1930 1598 1972 1638 M

482 1663 659 1717 longiora
681 1672 770 1705 sunt
790 1678 903 1719 quam
927 1665 965 1704 in
984 1664 1027 1714 P,
1047 1664 1217 1717 exceptis
1238 1664 1423 1717 capitibus
1443 1663 1567 1704 I—-III
1589 1663 1649 1704 vel
1667 1665 1795 1717 potius
1813 1663 1973 1711 11—111,

481 1741 571 1769 cum
608 1727 810 1769 exordium
850 1729 982 1782 capitis
1017 1729 1034 1769 I
1069 1729 1108 1768 in
1145 1728 1186 1769 M
1222 1728 1332 1769 desit.
1390 1728 1591 1769 Praeterea
1626 1727 1733 1781 plura
1771 1729 1895 1782 capita
1936 1730 1972 1768 in

482 1792 683 1846 particulas
714 1792 909 1835 breviores
940 1792 1174 1843 dividuntur,
1205 1807 1302 1847 quae
1331 1792 1645 1847 inscriptionibus
1676 1801 1836 1834 ornatae
1867 1801 1973 1840 sunt,

484 1858 657 1899 numeris
687 1865 816 1899 autern
847 1865 990 1899 carent.
1047 1858 1270 1899 Secundum
1303 1858 1479 1900 codicem
1509 1858 1539 1898 P
1569 1858 1690 1913 capita
1721 1864 1758 1898 et
1790 1857 1976 1899 lemmata

484 1923 578 1964 haec
607 1929 715 1964 sunt:

593 1989 616 2021 1.
641 1988 692 2021 De
716 1987 791 2031 lege
814 1987 953 2031 simplici
978 1993 1010 2020 et
1034 1987 1180 2020 naturali.
1203 2003 1244 2016 ι-
1271 1987 1294 2026 1,
1320 1997 1401 2020 1-2
1427 1988 1605 2020 secundum
1629 1997 1739 2020 meam
1763 1987 1975 2031 partitionem

482 2042 536 2075 vel
560 2042 822 2076 Constitutiones
844 2041 1078 2086 apostolorum.

594 2096 633 2130 11.
658 2096 816 2139 Praecipit
839 2097 900 2138 (sc.
919 2096 983 2128 hoc
1001 2096 1113 2139 caput)
1135 2097 1225 2129 omni
1250 2096 1330 2135 viro,
1353 2102 1388 2128 ut
1412 2096 1503 2128 uxori
1528 2106 1605 2128 suae
1629 2095 1690 2128 soli
1707 2095 1843 2138 placeat,
1867 2105 1978 2140 neque

486 2162 521 2184 se
545 2156 639 2184 ornet
663 2156 695 2184 et
719 2149 852 2194 laqueus
875 2149 931 2182 fiat
955 2149 1095 2190 sentinis,
1119 2161 1225 2193 neque
1249 2155 1337 2183 amet
1360 2151 1472 2191 otium,
1498 2156 1595 2194 utque
1614 2160 1748 2193 operam
1765 2156 1862 2182 navet
1885 2149 1978 2182 libris

483 2206 569 2238 vitae
581 2211 677 2248 atque
690 2205 848 2237 abstineat
861 2204 949 2237 libris
962 2204 1109 2247 gentium
1128 2209 1161 2237 et
1179 2204 1315 2237 vinculis
1333 2204 1524 2244 deuterosis,
1541 2215 1646 2248 neque
1662 2203 1694 2236 in
1709 2203 1830 2236 balneis
1850 2203 1980 2237 lavetur

487 2269 561 2291 cum
586 2258 717 2291 feminis
740 2268 845 2302 neque
869 2268 906 2291 se
929 2258 1034 2302 ipsum
1059 2258 1154 2291 dedat
1178 2258 1255 2291 dolo
1279 2257 1472 2291 feminarum
1498 2259 1715 2291 meretricum.
1739 2273 1780 2285 =
1804 2257 1827 2297 1,
1848 2266 1944 2300 3—7.

594 2313 647 2346 111.
683 2312 838 2345 Doctrina
870 2312 1000 2346 feminis
1031 2312 1208 2356 proposita,
1241 2318 1274 2345 ut
1305 2313 1379 2345 viris
1414 2312 1479 2345 suis
1508 2318 1634 2345 tantum
1669 2311 1817 2355 placeant
1851 2321 1979 2355 eosque

484 2368 659 2407 honorent,
683 2366 832 2400 sollerter
856 2373 887 2400 et
913 2366 1086 2410 prudenter
1107 2377 1144 2399 ac
1161 2366 1333 2409 diligenter
1358 2377 1468 2399 curam
1492 2367 1647 2400 domuum
1672 2376 1801 2399 suarum
1826 2371 1979 2408 agentes.

486 2431 592 2466 neque
615 2420 760 2455 laventur
784 2432 859 2453 cum
883 2421 969 2459 viris,
1002 2430 1107 2464 neque
1131 2430 1166 2453 se
1190 2426 1307 2453 ornent
1331 2419 1472 2464 fiantque
1505 2431 1611 2459 causa,
1642 2426 1674 2453 ut
1705 2419 1763 2452 viri
1792 2420 1981 2453 irretiantur

487 2476 641 2519 ipsaeque
664 2485 722 2508 eos
746 2476 884 2518 capiant,
909 2476 1036 2518 sintque
1061 2475 1195 2518 pudicae
1220 2480 1251 2507 et
1276 2475 1405 2518 quietae
1430 2485 1534 2518 neque
1552 2485 1625 2507 cum
1644 2474 1720 2507 viris
1736 2474 1802 2507 suis
1821 2474 1979 2507 rixentur.

486 2545 527 2557 -
553 2529 576 2570 1,
600 2531 717 2563 8-10.

595 2583 649 2616 IV.
674 2584 791 2622 Docet,
815 2582 917 2626 qualis
941 2593 1014 2616 esse
1038 2582 1164 2622 debeat,
1188 2583 1242 2626 qui
1266 2583 1297 2615 in
1322 2583 1545 2626 episcopatum
1562 2583 1700 2626 eligitur,
1725 2588 1756 2615 et
1779 2581 1889 2626 quales
1908 2583 1981 2615 eius

487 2647 598 2670 mores
623 2647 696 2670 esse
719 2637 868 2670 debeant.
893 2652 933 2664 ¹-
957 2636 997 2677 11,
1024 2646 1112 2670 1—-c.
1136 2636 1167 2676 6,
1197 2646 1243 2670 11.

596 2691 635 2725 V.
661 2691 816 2724 Doctrina
840 2691 880 2724 de
904 2690 1031 2724 iudicio.
1057 2707 1098 2719 ==
1121 2691 1160 2732 11,
1184 2690 1215 2730 6,
1244 2700 1353 2724 12—c.
1382 2700 1429 2723 11.

598 2745 654 2779 VI.
679 2746 729 2778 De
754 2746 861 2789 inique
885 2745 1057 2789 agentibus
1082 2751 1113 2778 et
1138 2745 1369 2789 paenitentiam
1393 2743 1593 2778 facientibus.
1618 2760 1659 2772 ι-
1683 2744 1723 2781 11,
1752 2743 1886 2782 12-18,
1917 2753 1943 2777 1.

599 2800 668 2833 VII.
692 2799 742 2832 Ad
766 2800 952 2844 episcopos.
976 2815 1017 2827 —
1041 2800 1079 2839 11,
1107 2800 1155 2839 18,
1180 2809 1272 2833 2—c.
1296 2808 1347 2839 24,
1370 2806 1416 2839 4⁸.

594 2854 678 2887 VIII.
709 2853 961 2886 Exhortationes
991 2854 1032 2886 ad
1062 2854 1246 2897 episcopos,
1280 2853 1448 2897 quomodo
1478 2863 1513 2886 se
1544 2862 1659 2896 gerere
1689 2852 1838 2885 debeant.
1867 2866 1911 2879 *-
1941 2852 1983 2891 ΙΙ,

487 2917 540 2948 24,
563 2909 695 2950 ‹ib—25-
