2457 3436
916 395 1087 424 cnzonns
1114 394 1391 424 APOSTOLORUH.
1845 386 1897 424 41

409 490 522 525 Codex
545 501 711 524 canonum
726 490 1024 525 ecclesiasticorum
1040 490 1193 535 Dionysii
1209 490 1329 535 exigui,
1353 499 1452 534 quem
1468 489 1569 527 Iustel
1586 501 1614 524 a.
1636 489 1717 524 1628
1733 496 1766 524 et
1788 491 1900 524 denuo

408 556 434 579 a.
460 544 540 588 1643
566 545 676 585 edidit,
704 550 737 578 et
761 544 961 578 Bibliotheca
989 544 1066 577 iuris
1095 544 1244 578 canonici
1272 544 1391 578 veteris
1414 545 1453 587 (t.
1477 544 1492 577 1
1515 555 1546 588 p.
1574 545 1769 587 xor—174),
1801 555 1900 588 quam

407 599 504 632 Iustel
528 605 561 632 et
583 598 670 632 voel
693 609 722 632 a.
749 597 827 632 1661
854 598 1108 643 publicaverunt.
1154 597 1309 632 Canones
1332 597 1559 642 apostolorum
1589 597 1651 631 soli
1680 598 1713 631 in
1736 597 1898 642 plerisque

407 652 666 686 Collectionibus
689 652 904 686 conciliorum
925 652 1049 696 recepti
1072 657 1157 686 sunt.
1196 651 1247 686 cf.
1271 661 1354 696 quae
1377 652 1537 695 disputavi
1566 651 1598 684 in
1623 651 1704 685 libro
1728 652 1793 684 Die
1814 652 1901 697 Apo-

405 707 566 740 stolischen
593 707 845 740 Konstitutionen
871 706 947 751 1891
977 717 1007 750 p.
1034 707 1213 749 192-206.

1124 792 1179 826 111.

754 856 953 891 10ANNsss
976 855 1313 891 senorAsrlcth
1336 857 1379 900 [c.
1403 868 1431 890 a.
1459 867 1472 899 5
1479 857 1544 900 50]-

514 921 712 964 Collectio
732 936 947 964 canonum:
978 922 1078 964 ordo
1099 936 1314 973 canonum;
1345 921 1584 964 Bibliotheca
1607 922 1699 963 iuris
1719 923 1899 964 canonici

405 987 547 1029 veteris
577 986 664 1029 edd.
695 986 857 1028 Voellus
886 994 926 1029 et
953 986 1130 1029 Iustellus
1165 989 1262 1040 1671
1294 987 1343 1037 ΙΙ,
1374 999 1469 1039 501:
1508 986 1556 1028 Οἱ
1583 988 1657 1039 μὲν
1684 983 1793 1039 ἅγιοι
1820 992 1900 1029 τοῦ

403 1053 549 1104 κυρίου
577 1054 759 1106 μαθηταὶ
786 1052 856 1093 καὶ
884 1047 1111 1093 ἀπόστολοι
1141 1048 1395 1106 ὀγδοήκοντα
1421 1052 1542 1093 πέντε
1572 1050 1639 1093 διὰ
1665 1050 1903 1104 Κλήμεντος

408 1116 600 1165 Κανόνας
626 1116 830 1167 ἐξέθεντο.

512 1180 653 1215 Ioannes
681 1181 907 1214 Antiochenus
935 1180 989 1214 vel
1017 1180 1237 1215 Scholasticus
1266 1187 1343 1215 ante
1373 1191 1496 1214 annum
1528 1180 1598 1223 565,
1631 1191 1696 1225 quo
1725 1180 1900 1214 ecclesiam

403 1234 810 1279 Constantinopolitanam
832 1235 1011 1279 regendam
1034 1235 1187 1279 suscepit,
1217 1235 1449 1269 collectionem
1472 1245 1635 1269 canonum
1658 1235 1783 1278 paravit
1804 1235 1900 1278 eique

404 1287 563 1323 Canones
585 1289 813 1333 apostolorum
837 1299 955 1323 omnes
978 1289 1031 1323 vel
1047 1289 1202 1323 LXXXV
1226 1289 1359 1323 inseruit
1384 1300 1447 1323 una
1470 1300 1545 1323 cum
1569 1289 1793 1330 conclusione,
1816 1298 1900 1333 quae

402 1353 472 1377 non
494 1348 565 1377 tam
589 1343 763 1377 Canonum
787 1354 885 1389 quam
908 1344 1018 1387 operis
1041 1343 1183 1377 universi
1208 1343 1260 1377 vel
1284 1343 1567 1378 Constitutionum
1592 1349 1651 1377 est.
1696 1343 1733 1376 In
1756 1343 1901 1388 prologo

403 1397 528 1437 dicens,
557 1397 772 1431 collectiones
799 1398 925 1441 priores
954 1407 1098 1431 canones
1121 1397 1230 1430 Basilii
1259 1407 1327 1431 non
1350 1397 1525 1441 recepisse,
1553 1398 1686 1441 insuper
1709 1398 1787 1430 satis
1811 1397 1897 1430 clare

403 1451 534 1493 indicat,
559 1461 615 1484 eas
637 1452 703 1485 iam
720 1451 876 1485 Canones
894 1451 1120 1495 apostolorum
1137 1452 1346 1485 continuisse.
1387 1451 1629 1485 Collectionem
1643 1450 1743 1484 lustel
1765 1456 1797 1484 et
1813 1451 1843 1482 V
1845 1451 1897 1484 oel

404 1506 436 1538 in
458 1510 557 1539 tomo
580 1506 727 1539 secundo
751 1505 974 1539 Bibliothecae
997 1505 1073 1538 iuris
1097 1506 1245 1539 canonici
1272 1505 1350 1539 1661
1377 1505 1638 1549 publicaverunt3
1662 1504 1839 1548 prologum
1862 1516 1899 1537 ac

403 1559 516 1593 titulos
540 1560 640 1593 etiam
655 1552 740 1593 Pitra
764 1560 796 1593 in
808 1560 887 1593 Iuris
911 1559 1069 1593 ecclesiae
1086 1560 1288 1593 Graecorum
1312 1559 1448 1593 historia
1470 1566 1502 1593 et
1525 1569 1674 1593 monum.
1695 1558 1778 1600 ¹864
1800 1560 1837 1601 (t.
1855 1559 1901 1600 ΙΙ)

405 1613 516 1648 edidit.

1129 1656 1184 1690 lv.

844 1720 1041 1755 IOANNES
1065 1721 1093 1754 11
1116 1721 1230 1754 ΡΑΡΑ
1254 1721 1466 1765 [532-535J.

513 1785 635 1840 Epist.
664 1784 713 1827 ad
742 1786 967 1828 Caesarium
989 1786 1273 1837 Arelatensem,
1302 1788 1400 1828 Acta
1429 1786 1687 1828 conciliorum
1719 1784 1779 1827 ed.
1801 1786 1898 1826 Har-

406 1850 549 1892 duinus
567 1849 615 1901 11,
641 1862 755 1903 1155.
803 1850 988 1893 Adiuncti
1016 1858 1107 1892 sunt
1135 1850 1264 1905 plures
1292 1864 1477 1902 canones,
1506 1852 1606 1892 inter
1636 1864 1706 1891 eos
1726 1863 1901 1891 canones

405 1915 677 1970 apostolorum
708 1927 755 1968 25
788 1923 827 1958 et
856 1916 919 1957 28.
976 1915 1043 1957 Ille
1074 1915 1169 1971 (25)
1199 1916 1409 1971 capitulum
1445 1916 1681 1969 vigesimum
1716 1916 1898 1969 quintum

405 1979 639 2030 inscribitur,
669 1979 731 2021 hic
761 1980 857 2034 (28)
888 1980 1098 2034 capitulum
1127 1981 1371 2034 trigesimum
1403 1994 1567 2022 nonum.

1132 2077 1171 2110 V.

871 2141 1064 2176 VIGILIUS
1086 2142 1200 2174 PAPA
1225 2142 1255 2185 [5
1264 2151 1363 2184 37-5
1373 2142 1437 2186 551.

514 2205 633 2260 Epist.
670 2205 718 2248 ad
752 2206 1002 2248 Profuturum
1043 2207 1270 2261 episcopum
1307 2208 1580 2249 Bracarensem
1616 2221 1649 2248 a.
1687 2208 1763 2260 538
1799 2206 1901 2256 data,

405 2272 505 2312 Acta
540 2271 799 2313 conciliorum
844 2271 904 2313 ed.
933 2271 1155 2313 Harduinus
1183 2271 1230 2323 11,
1265 2283 1417 2325 1429-—
1426 2284 1487 2325 32.
1536 2272 1639 2327 Papa
1667 2272 1780 2313 tacite
1810 2285 1899 2325 pro·
1968 2285 1971 2289 ’

405 2336 481 2379 fert
508 2350 705 2378 canonem
734 2335 1006 2390 apostolorum
1034 2349 1087 2390 49
1116 2336 1232 2378 verba
1261 2337 1413 2378 uncinis
1449 2336 1597 2392 inclusa
1630 2337 1823 2378 inserens:
1859 2336 1900 2377 Si

403 2402 491 2457 quis
521 2402 729 2456 episcopus
755 2408 821 2443 aut
847 2401 1049 2455 presbyter
1078 2402 1180 2443 iuxta
1201 2413 1450 2456 praeceptum
1470 2402 1635 2442 Domini
1665 2415 1746 2442 non
1777 2399 1898 2454 bapti-

402 2467 549 2508 zaverit
578 2467 618 2507 in
648 2466 811 2507 nomine
842 2466 959 2520 patris
988 2473 1027 2508 et
1056 2465 1122 2507 filii
1144 2473 1181 2508 et
1201 2467 1358 2520 spiritus
1375 2466 1511 2516 sancti,
1540 2465 1610 2507 sed
1639 2464 1696 2520 [in
1716 2479 1792 2506 una
1813 2479 1900 2519 per-

402 2545 504 2573 sona
531 2531 714 2572 trinitatis
741 2538 807 2573 aut
835 2531 876 2573 in
906 2530 1053 2572 duabus
1082 2529 1164 2586 aut]
1193 2531 1231 2572 in
1261 2530 1384 2572 tribus
1414 2530 1584 2585 patribus
1613 2538 1678 2572 aut
1707 2531 1747 2571 in
1776 2529 1900 2572 tribus

402 2595 491 2638 filiis
521 2602 587 2638 aut
614 2596 655 2636 in
684 2594 803 2636 tribus
832 2594 1045 2649 paracletis,
1075 2595 1284 2649 proiciatur
1315 2594 1362 2636 de
1394 2594 1554 2636 ecclesia
1584 2595 1670 2636 Dei.

1125 2691 1182 2725 VI.

800 2755 1062 2790 STEPHANUS
1086 2756 1130 2789 111
1153 2756 1269 2789 PAPA
1292 2755 1504 2799 [768-7721.

511 2823 569 2864 Ex
602 2820 761 2878 synodo
794 2822 975 2864 Romana
1008 2821 1194 2875 Stephani
1230 2835 1328 2875 papa
1360 2821 1414 2862 111
1443 2820 1543 2876 (IV)
1580 2835 1613 2862 a.
1644 2822 1721 2873 769
1762 2820 1902 2870 habita,

402 2890 503 2930 Acta
532 2886 793 2930 conciliorum
823 2886 883 2928 ed.
911 2886 1133 2928 Harduinus
1162 2886 1227 2936 ΙΙΙ,
1250 2898 1372 2939 2015:
1403 2886 1698 2940 Quinquaginta
1728 2899 1903 2927 canones
