2457 3436
807 280 1135 310 CONSTI'I'UTIONUM
1161 279 1426 309 APOSTOLORUM
1454 280 1532 308 vm.
1861 270 1913 308 §⁸5

419 376 563 426 αὐτοῖς
590 376 695 429 πρὸς
721 376 871 426 κέντρα
900 378 1139 427 λακτίζειν“.
1187 371 1237 417 οὐ
1264 374 1340 428 γὰρ
1362 373 1465 428 ἡμᾶς
1492 372 1516 428 ἢ
1544 374 1642 423 τοὺς
1660 374 1914 423 ἐπισκόπους

418 445 671 494 πολεμοῦσιν
700 440 739 481 οὶ
768 445 963 490 τοιοῦτοι,
1001 439 1108 482 α’λλὰ
1141 439 1220 481 τὸν
1247 446 1337 482 τῶν
1365 437 1563 481 ἁπάντων
1591 440 1816 481 ἐπίσκοπον
1844 441 1912 480 καὶ

418 511 499 548 τοῦ
525 506 685 559 πατρὸς
703 504 886 559 ἀρχιερέα
906 505 1087 558 Χριστὸν
1102 502 1259 560 Ἰησοῦν
1288 507 1363 548 τὸν
1391 505 1537 558 κύριον
1555 504 1687 559 ἡμῶν.
1739 518 1797 558 13.
1827 504 1912 546 ὑπὸ

420 573 607 620 Mmm'oeg
640 573 716 624 μὲν
742 571 819 625 γὰρ
848 575 926 613 τοῦ
945 570 1271 622 θεοφιλεστάτου
1289 571 1605 624 κατεστάθησαν
1623 567 1816 623 ἀρχιερεῖς
1844 573 1910 611 καὶ

419 636 539 689 ἱερεῖς
566 638 633 678 καὶ
662 641 829 686 λευῖται,
858 633 940 678 ὑπὸ
969 637 1011 677 δὲ
1039 641 1118 677 τοῦ
1146 641 1332 689 σωτῆρος
1359 634 1477 689 ἡμῶν
1506 633 1616 688 ἡμεῖς
1643 635 1682 677 οἱ
1708 637 1912 688 δεκατρεῖς
1958 643 1981 672 ι’)

419 699 661 751 ἀπόστολοι,
690 698 774 743 ὑπὸ
800 702 843 743 δὲ
872 705 961 742 τῶν
980 699 1228 742 ἀποστόλων
1255 701 1335 754 ἐγώ
1355 701 1521 755 Κλήμης
1537 702 1606 742 καὶ
1625 699 1704 754 ἐγὼ
1723 697 1912 749 Ἰάκωβος

419 767 489 807 καὶ
518 765 596 807 σὺν
623 764 720 820 ἡμῖν
747 764 890 818 ἕτεροι,
927 765 994 807 ἵνα
1025 765 1080 818 μὴ
1113 764 1239 807 πάλιν
1271 764 1431 814 πάντας
1459 767 1756 818 καταλέγωμεν,
1791 770 1913 818 κοινῆ

419 832 464 872 δὲ
490 829 576 872 ὑπὸ
603 830 778 873 πάντων
804 828 922 885 ἡμῶν
949 830 1218 884 πρεσβύτεροι
1246 833 1314 872 καὶ
1333 830 1521 872 διάκονοι
1548 832 1618 872 καὶ
1640 828 1912 872 ὑποδιάκονοι

418 897 489 937 καὶ
517 893 789 949 ἀναγνοῦσται.
841 910 901 949 14.
929 899 1098 949 πρῶτος
1124 898 1267 937 τοίνυν
1294 900 1347 948 τῇ
1370 894 1488 947 φύσει
1515 892 1720 948 ἀρχιερεὺς
1748 892 1772 936 ὃ
1788 910 1911 948 μονο-

417 959 540 1014 γενὴς
571 959 759 1013 Χριστός,
788 959 891 1014 ,,οιῖχ
920 959 1052 1012 ἑαυτῷ
1077 959 1154 1014 τὴν
1172 960 1293 1014 τιμὴν
1312 958 1537 1011 ἁρπάσας“,
1567 958 1673 1001 α’λλά
1698 959 1810 1012 παρὰ
1836 964 1912 1001 τοῦ
1938 966 1982 996 10

417 1024 580 1078 πατρὸς
605 1028 896 1075 κατασταθείς·
935 1023 980 1074 ὃς
1012 1026 1231 1079 γενόμενος
1265 1024 1493 1077 ἄνθρωπος
1526 1023 1580 1066 δι’
1607 1022 1710 1079 ἡμᾶς
1739 1026 1807 1066 καὶ
1836 1025 1912 1079 τὴν

419 1091 702 1146 πνευματικὴν
738 1093 891 1133 θυσίαν
924 1092 1172 1143 προσφέρων
1199 1094 1262 1143 τῷ
1290 1094 1378 1143 θεῷ
1406 1090 1554 1132 ἑαυτοῦ
1583 1092 1651 1131 καὶ
1677 1091 1802 1141 πατρὶ
1829 1090 1911 1142 πρὸ

419 1160 499 1196 τοῦ
527 1155 692 1204 πάθους
728 1153 823 1209 ἡμῖν
851 1156 1067 1207 διετάξατο
1098 1155 1240 1208 μόνοις
1275 1160 1402 1197 τοῦτο
1429 1164 1575 1204 ποιεῖν,
1609 1157 1743 1197 καίτοι
1774 1153 1912 1197 ὄντων

419 1220 500 1262 σὺν
539 1219 635 1274 ἡμῖν
670 1223 738 1262 καὶ
774 1220 926 1274 ἑτέρων
963 1224 1049 1262 τῶν
1085 1221 1141 1269 εἰς
1177 1216 1308 1262 αὐτὸν
1342 1220 1695 1262 πεπιστευκότων·
1738 1216 1823 1262 ἀλλ’
1863 1219 1912 1261 οὗ

417 1285 591 1334 πάντως
616 1290 697 1335 πᾶς
726 1283 750 1328 ὃ
775 1286 995 1334 πιστεύσας
1022 1282 1097 1339 ἤδη
1126 1287 1192 1326 καὶ
1221 1284 1351 1337 ἱερεὺς
1379 1286 1554 1339 κατέστη
1582 1282 1607 1337 ἢ
1634 1281 1912 1337 ἀρχιερατικῆς
1938 1290 1980 1320 15

419 1347 533 1402 ἀξίας
548 1350 672 1403 ἔτυχε.
708 1363 767 1403 15.
786 1350 888 1403 μετὰ
906 1352 948 1392 δὲ
968 1349 1043 1405 τὴν
1064 1346 1270 1404 ἀνάληψιν
1288 1347 1419 1391 αὐτοῦ
1437 1346 1546 1402 ἡμεῖς
1565 1349 1912 1402 προσενεγκόντες

419 1415 527 1457 κατὰ
553 1415 631 1469 τὴν
660 1414 841 1467 διάταξιν
870 1413 1002 1457 αὐτοῦ
1029 1417 1180 1457 θυσίαν
1212 1414 1407 1467 καθαρὰν
1435 1417 1501 1456 καὶ
1531 1410 1784 1467 ἀναίμακτον
1811 1429 1911 1467 προ-

420 1478 701 1533 εχειρισάμεθα
734 1480 984 1528 ἐπισκόπους
1020 1481 1086 1520 καὶ
1121 1480 1420 1531 πρεσβυτέρους
1453 1481 1521 1520 καὶ
1556 1478 1774 1526 διακόνους
1808 1477 1911 1520 ἑπτὰ

420 1544 499 1586 τὸν
528 1541 728 1597 ἀριθμόν·
776 1546 835 1586 16.
867 1540 929 1586 ὧν
957 1543 1013 1593 εἷς
1039 1538 1090 1599 ἦν
1118 1545 1333 1595 Στέφανος
1361 1542 1384 1585 ὁ
1413 1543 1612 1596 μακάριος
1637 1543 1804 1596 μα’ρτυς,
1834 1543 1912 1585 οὔκ

420 1608 743 1662 ἀπολειπόμενος
769 1607 888 1663 ἡμῶν
914 1609 1020 1651 κατὰ
1048 1609 1127 1663 τὴν
1152 1609 1259 1661 πρὸς
1288 1609 1392 1650 θεὸν
1422 1607 1599 1658 εὔνοιαν,
1635 1606 1680 1656 ὃς
1708 1612 1912 1650 τοσοῦτον
1935 1613 1981 1643 20

420 1673 499 1727 τὴν
527 1675 765 1724 θεοσέβειαν
792 1678 842 1726 τῇ
871 1677 1004 1716 πίστει
1023 1674 1248 1725 ἐνεδείξατο
1269 1675 1337 1715 καὶ
1356 1673 1433 1727 τὴν
1452 1675 1507 1721 εἰς
1526 1673 1602 1714 τὸν
1623 1674 1769 1724 κύριον
1796 1670 1912 1724 ἱμῶν

418 1734 574 1792 Ἰησοῦν
603 1738 782 1791 Χριστὸν
810 1735 985 1793 ἀγάπην,
1021 1736 1078 1787 ὡς
1115 1735 1214 1790 ὑπὲρ
1248 1737 1378 1780 αὐτοῦ
1406 1740 1548 1780 δοῦναι
1577 1740 1643 1779 καὶ
1672 1738 1750 1790 τὴν
1778 1738 1912 1791 ψυχὴν

420 1802 565 1853 αὐτοῦ,
601 1803 708 1856 πρὸς
744 1808 832 1845 τῶν
866 1803 1151 1856 κυριοκτόνων
1183 1800 1390 1845 Ἰουδαίων
1430 1806 1566 1851 λίθοις
1602 1806 1783 1857 βληθείς·
1823 1800 1908 1844 ἀλλ’

421 1865 533 1921 ὅμως
561 1866 585 1910 ὃ
613 1874 805 1917 τοιοῦτος
834 1870 901 1910 καὶ
928 1873 1173 1921 τηλικοῦτος
1201 1868 1316 1921 α’νήρ,
1345 1866 1398 1918 ,,ὁ
1429 1872 1490 1919 τῷ
1514 1866 1714 1921 πνεύματι
1743 1870 1859 1919 ζέων,
1891 1865 1914 1910 ὃ

420 1932 500 1975 τὸν
528 1932 710 1986 Χριστὸν
737 1931 852 1985 ὁρῶν
880 1934 926 1975 ἐκ
954 1935 1099 1985 δεξιῶν
1127 1938 1203 1975 τοῦ
1231 1937 1334 1974 θεοῦ
1361 1934 1427 1974 καὶ
1452 1932 1525 1981 τὰς
1544 1929 1761 1985 οὐρανίους
1779 1933 1912 1981 πύλας
1935 1936 1980 1968 25

420 1995 716 2051 ἀνεῳγμένας“,
757 1994 939 2051 οὐδαμοῦ
977 2001 1164 2049 φαίνεται
1199 2007 1286 2046 τοῖς
1318 1997 1372 2050 μὴ
1409 1994 1606 2051 ἀνήκουσι
1640 2002 1691 2050 τῇ
1726 2000 1913 2052 διακονίᾳ

417 2061 681 2117 χρησάμενος,
709 2060 735 2117 ἢ
761 2065 912 2104 θυσίαν
941 2062 1175 2116 ἀνενεγκὼν
1202 2061 1228 2116 ἢ
1254 2071 1389 2115 χεῖρας
1417 2063 1573 2110 ἐπιθείς
1602 2077 1695 2112 τινι,
1730 2061 1834 2104 ἀλλὰ
1862 2061 1914 2104 τό

531 2196 551 2225 4
573 2191 676 2226 Exod.
692 2192 745 2225 28.
762 2201 813 2236 ²9-
835 2212 878 2217 —
903 2196 944 2226 10
966 2192 1064 2225 Hebr.
1084 2202 1111 2234 5,
1127 2200 1157 2232 4.
1182 2212 1221 2217 -
1248 2196 1288 2226 12
1311 2192 1389 2226 Luc.
1408 2201 1458 2233 22,
1478 2202 1525 2236 19.
1552 2211 1589 2216 —-
1617 2196 1656 2225 19
1680 2194 1751 2225 Act.
1769 2191 1799 2224 6.
1819 2202 1848 2234 7.
1873 2211 1912 2215 —

419 2250 463 2280 2⁴
485 2246 560 2280 Act.
587 2246 636 2287 18,
660 2255 718 2288 253
743 2255 772 2288 7,
799 2255 848 2288 55.
875 2245 925 2288 56.

529 2358 551 2388 2
573 2350 718 2388 πάντων
739 2354 759 2386 b
778 2356 784 2395 Ι
804 2356 825 2388 3
846 2350 981 2395 Ἰησοῦν
1003 2356 1068 2397 Χρ.
1094 2364 1125 2386 m
1148 2357 1151 2394 Ι
1173 2349 1274 2396 ἡμῶν
1296 2357 1338 2392 >
1364 2364 1381 2386 a
1406 2365 1425 2386 v
1444 2354 1449 2396 Ι
1471 2350 1542 2386 ἀπὸ
1566 2352 1585 2385 b
1611 2355 1616 2393 Ι
1642 2357 1662 2385 4
1688 2352 1872 2392 Μωϋσέως
1895 2364 1914 2385 a

420 2409 440 2440 b
464 2407 481 2441 f
499 2418 521 2441 n
541 2409 547 2450 Ι
565 2407 633 2450 μὲν
654 2413 698 2447 >
721 2418 740 2442 a
760 2408 765 2452 1
784 2405 862 2451 ἄρχ.
886 2405 1164 2450 κατεστάθησαν
1186 2407 1206 2440 b
1226 2408 1232 2449 Ι
1252 2407 1308 2450 4ίό
1333 2408 1393 2441 καὶ
1418 2406 1527 2450 ἱερεῖς
1550 2412 1593 2446 >
1618 2418 1637 2438 v
1660 2439 1662 2443 ,
1683 2411 1703 2441 5
1726 2409 1914 2449 δεκατρεῖς

420 2467 464 2501 >
487 2473 507 2495 a
537 2464 544 2504 Ι
573 2465 594 2497 6
615 2459 785 2506 Ἰάκωβος
807 2487 815 2495 .
839 2487 847 2495 .
871 2458 1015 2504 Κλήμης
1036 2461 1057 2494 b
1088 2463 1092 2503 Ι
1124 2464 1143 2495 7
1166 2458 1272 2494 πάλιν
1294 2473 1315 2493 ν
1338 2460 1368 2495 C
1396 2460 1442 2504 (C
1465 2465 1540 2504 post
1562 2457 1710 2502 πάντας)
1735 2472 1741 2493 :
1765 2465 1808 2499 >
1833 2461 1879 2493 rel
1907 2464 1910 2480 ²

419 2513 536 2550 πάντα
559 2527 580 2548 v
609 2518 616 2557 Ι
645 2519 666 2550 9
686 2512 913 2559 ἀναγνῶσται
944 2527 952 2548 :
980 2516 1034 2548 hic
1057 2515 1176 2548 desinit
1198 2526 1216 2547 a
1246 2516 1252 2557 Ι
1281 2518 1324 2558 τῇ
1347 2519 1391 2553 >
1416 2514 1433 2548 f
1450 2526 1472 2548 n
1503 2517 1508 2558 Ι
1537 2517 1580 2558 τῇ
1604 2512 1710 2554 φύσει
1735 2519 1775 2554 >
1804 2515 1824 2547 b
1847 2525 1879 2547 m
1907 2523 1909 2538 ¹

423 2573 464 2604 12
485 2572 539 2615 τῷ
562 2572 598 2603 θ.
622 2569 753 2605 ἑαυτοῦ
775 2566 904 2612 (αὐτοῦ
927 2569 972 2611 C)
995 2581 1015 2602 v
1039 2569 1068 2602 C
1092 2581 1099 2602 :
1123 2566 1222 2604 αὐτῶ
1245 2572 1296 2603 τῶ
1320 2572 1356 2603 θ.
1380 2569 1400 2602 b
1425 2568 1442 2602 f
1459 2580 1494 2602 m
1516 2571 1562 2611 nl
1588 2571 1696 2611 πατρὶ
1721 2572 1757 2609 -Ι-
1784 2569 1845 2602 καὶ
1870 2568 1886 2600 s
1907 2571 1910 2610 Ι

423 2625 522 2667 lan-1
544 2619 660 2659 ὄντων
677 2650 686 2659 .
703 2650 711 2659 .
728 2650 736 2659 .
752 2626 825 2657 τῶν
848 2635 867 2656 ν
891 2623 920 2656 C
944 2635 951 2656 ε
975 2621 1151 2658 τοιούτων
1173 2650 1182 2657 .
1206 2649 1213 2657 .
1238 2649 1247 2657 .
1271 2618 1385 2657 ὄντων
1406 2623 1452 2656 rel
1472 2625 1478 2665 Ι
1501 2628 1539 2657 14
1563 2624 1621 2657 καὶ
1637 2628 1681 2662 >
1700 2635 1718 2655 ν
1738 2625 1744 2664 Ι
1765 2626 1806 2657 19
1830 2615 1881 2655 ὧν
1905 2635 1913 2655 :

420 2673 461 2717 ὅς
483 2677 581 2712 ἐστιν
595 2689 618 2711 n
637 2682 642 2721 Ι
664 2672 764 2722 vhe>
781 2689 803 2711 n
824 2679 828 2719 Ι
846 2675 1026 2720 μακάριος
1045 2680 1081 2716 -4-
1103 2673 1123 2711 ὃ
1140 2689 1159 2710 ν
1181 2679 1184 2717 Ι
1203 2681 1247 2711 20
1262 2675 1374 2720 πρός;
1395 2677 1447 2716 εἰς
1468 2688 1502 2710 m
1523 2680 1527 2713 Ι
1548 2681 1588 2711 21
1613 2673 1821 2717 α’νεδείξατο
1846 2687 1879 2709 m
1906 2678 1909 2717 ζ

420 2735 464 2766 22
488 2730 617 2767 ἑαυτοῦ
639 2744 660 2765 ν
679 2732 686 2774 Ι
705 2735 748 2766 23
769 2729 995 2775 βαλλόμενος
1017 2743 1038 2763 ν
1058 2733 1062 2773 Ι
1083 2735 1124 2765 25
1148 2729 1317 2774 οὐρανίας
1333 2732 1352 2764 b
1372 2732 1377 2773 Ι
1397 2734 1439 2765 26
1463 2729 1692 2774 ἠνεωγμέι·ας
1715 2730 1731 2763 s
1747 2733 1750 2772 ξ
1771 2735 1813 2764 26
1837 2733 1913 2764 δια-

423 2787 502 2819 νοιά
524 2786 545 2819 b
565 2787 570 2828 Ι
589 2789 630 2820 27
654 2784 857 2829 ἐνενεγκών
879 2797 900 2818 n
920 2785 925 2827 Ι
946 2784 1123 2824 ἐπιτιθεὶς
1145 2796 1166 2818 n
