2457 3436
1131 381 1322 412 currum.
1891 373 1968 412 139

587 477 659 518 IV.
690 477 813 528 Quod
841 478 1072 532 episcopum
1102 489 1257 531 oportet
1285 492 1369 520 esse
1398 479 1594 533 integrum
1624 491 1663 520 et
1689 493 1769 520 non
1790 492 1968 534 accepto-

469 556 563 584 rem
592 556 848 597 personarum
877 554 916 584 et
944 543 1119 585 moribus
1146 557 1191 585 ac
1221 545 1326 585 victu
1356 543 1617 586 moderatum.

588 608 640 649 V.
671 606 794 658 Quod
823 609 1031 663 episcopus
1060 624 1139 650 non
1170 608 1308 651 debeat
1336 624 1420 651 esse
1449 623 1522 664 pro
1550 609 1683 664 aliquo
1710 624 1878 664 sponsor
1907 610 1968 651 vel

473 672 704 715 advocatus.

588 739 661 781 v1.
693 737 815 788 Quod
844 737 1027 793 fugienda
1055 740 1105 781 sit
1134 740 1366 781 communio
1395 753 1474 781 non
1504 740 1698 781 sermonis
1721 754 1810 781 cum
1833 754 1969 794 pecca·
1992 747 2012 779 5

476 802 644 854 toribus,
673 802 741 845 sed
771 817 950 856 operum.

588 869 679 911 VII.
711 868 832 919 Quod
861 869 1024 911 subiecti
1054 868 1241 911 oboedire
1260 868 1426 911 debeant
1446 870 1643 924 episcopis
1662 882 1700 911 et
1719 869 1968 924 presbyteris.

589 992 697 1035 VIII.
735 992 857 1044 Quod
891 994 1097 1048 episcopus
1126 995 1341 1048 imaginem
1370 1008 1464 1049 prae
1492 1008 1534 1035 se
1563 993 1636 1036 fert
1666 994 1826 1046 Christi,
1864 1009 1968 1050 pres-

477 1056 605 1112 byteri
642 1057 869 1110 Cherubim,
910 1057 1065 1101 diaconi
1099 1059 1344 1113 angelorum,
1385 1059 1550 1101 lectores
1585 1073 1629 1101 ac
1664 1071 1843 1102 cantores
1880 1075 1968 1115 pro·
1994 1073 2036 1104 10

477 1123 699 1178 phetamm.

589 1189 661 1230 IX.
696 1187 819 1238 Quod
849 1188 1090 1231 horrendum
1119 1189 1169 1231 sit
1197 1204 1238 1230 se
1269 1190 1480 1232 immittere
1510 1191 1547 1231 in
1578 1189 1811 1244 dignitatem
1846 1204 1969 1232 sacer-

478 1253 666 1296 dotalem.

588 1319 640 1361 X.
671 1318 793 1370 Quod
821 1319 1068 1373 eulogiarum
1097 1330 1136 1361 et
1154 1320 1415 1373 primitiarum
1445 1334 1535 1362 cum
1554 1321 1745 1375 episcopo
1764 1332 1802 1362 et
1822 1320 1969 1362 clericis

479 1385 690 1439 participes
718 1398 802 1426 esse
831 1396 1011 1439 oporteat
1039 1396 1078 1426 et
1106 1384 1283 1427 lectores.
1997 1397 2035 1427 15

588 1450 659 1492 XI.
690 1449 812 1500 Quod
841 1449 969 1492 clerici
999 1451 1083 1492 sine
1111 1451 1299 1504 episcopo
1329 1450 1424 1492 nihil
1453 1450 1580 1492 facere
1608 1449 1786 1492 debeant.

589 1580 678 1621 XII.
718 1579 841 1629 Quod
876 1579 1114 1634 principibus
1149 1592 1187 1622 et
1222 1578 1378 1634 regibus
1413 1581 1712 1634 praestantiores
1740 1581 1817 1621 sint
1845 1593 1970 1621 sacer-

478 1645 595 1687 dotes
622 1656 809 1701 tanquam
838 1656 966 1700 patres
993 1645 1212 1700 spirituales
1241 1645 1390 1700 populi.

588 1709 693 1752 XIII.
723 1709 846 1760 Quod
874 1710 936 1752 lex
964 1723 1004 1752 et
1031 1710 1280 1765 evangelium
1308 1711 1559 1765 praecipiant,
1590 1721 1630 1751 ut
1659 1709 1827 1765 populus
1846 1723 1971 1751 sacer·
1994 1721 2037 1751 20

478 1775 637 1818 dotibus
667 1790 828 1817 munera
858 1776 1007 1818 offerat.

773 1929 838 1969 DE
867 1928 1261 1970 cousrrru'rlonn
1288 1927 1684 1969 EccmslAS'rch.

589 2014 701 2055 XIV.
730 2012 852 2063 Quod
881 2013 1042 2055 ecclesia
1070 2013 1119 2055 ad
1148 2015 1341 2055 orientem
1372 2027 1482 2055 versa
1511 2014 1573 2064 sit,
1605 2014 1644 2054 in
1674 2012 1808 2055 medio
1837 2023 1969 2054 autem

479 2079 654 2133 episcopi
685 2077 880 2129 cathedra,
911 2093 960 2121 ex
989 2091 1155 2135 utroque
1184 2080 1266 2120 eius
1295 2078 1413 2120 latere
1442 2078 1574 2120 sedeat
1603 2077 1903 2132 presbyterium,
1933 2089 1971 2119 et

479 2143 636 2186 diaconi
665 2144 828 2186 adstent.
1994 2152 2038 2183 25

588 2210 677 2251 XV.
707 2208 830 2259 Quod
859 2209 1183 2252 catechumenum
1216 2221 1373 2263 oportet
1402 2208 1550 2251 discere
1579 2207 1699 2251 fidem
1730 2208 1972 2250 Christiano-

481 2289 569 2315 rum
599 2286 637 2316 et
666 2274 851 2330 deinceps
880 2274 1080 2329 baptizari.

523 2404 570 2438 IV
591 2402 665 2447 (δ’).
688 2404 740 2438 Cf.
765 2404 804 2438 C.
827 2405 869 2438 A.
891 2404 931 2446 11,
957 2414 970 2447 5
997 2405 1092 2438 inser.
1304 2404 1335 2437 X
1358 2400 1424 2446 (ι’),
1448 2402 1499 2436 Cf.
1523 2402 1562 2436 C.
1587 2403 1626 2436 A.
1651 2402 1690 2443 11,
1713 2403 1764 2436 28.

524 2459 555 2492 V
577 2456 651 2502 (ε’).
675 2458 728 2493 Cf.
752 2458 791 2493 C.
813 2459 854 2493 A.
877 2458 918 2500 11,
941 2457 963 2492 6
985 2459 1081 2493 inser.
1304 2457 1350 2491 XI
1372 2454 1464 2500 (ια’).
1487 2456 1540 2491 Cf.
1564 2456 1603 2490 C.
1626 2456 1667 2490 A.
1691 2456 1731 2498 11,
1758 2465 1793 2499 3¹
1820 2457 1915 2490 inser.

524 2512 571 2546 vl
594 2510 665 2556 (ς’).
689 2512 741 2547 ef.
765 2512 804 2547 e.
827 2513 868 2547 A.
893 2513 933 2554 11,
960 2522 1000 2554 14
1022 2513 1119 2547 inser.
1304 2511 1367 2545 xn
1400 2508 1494 2555 (ιβ’).
1534 2510 1587 2545 cr.
1618 2510 1657 2544 e.
1698 2511 1738 2545 A.
1775 2511 1815 2552 11,
1849 2519 1976 2554 33-34

524 2567 588 2600 vn
610 2564 655 2610 (ζ
657 2568 683 2610 ).
707 2567 760 2602 Cf.
783 2567 823 2601 C.
846 2567 887 2601 A.
909 2567 949 2609 11,
973 2576 1016 2601 20
1036 2567 1133 2600 inser.
1261 2566 1356 2600 inser.

526 2621 601 2655 VIII
622 2618 699 2665 (η’).
723 2621 775 2655 Cf.
799 2621 838 2656 C.
859 2621 900 2655 A.
923 2621 962 2663 11,
986 2620 1038 2663 26,
1053 2629 1139 2665 4—7
1164 2628 1196 2654 et
1305 2619 1383 2653 xm
1405 2616 1495 2663 (ιγ’).
1519 2618 1572 2653 cf.
1596 2619 1635 2653 C.
1658 2618 1699 2652 A.
1722 2618 1764 2659 11,
1790 2628 1825 2661 35
1852 2618 1947 2652 inser.

480 2685 564 2719 quae
588 2675 751 2720 disputavi
772 2675 806 2709 in
828 2675 1092 2720 Prolegomenis.
1306 2673 1384 2707 XIV
1406 2670 1494 2717 (ιδ’).
1517 2672 1570 2707 cf.
1594 2672 1633 2707 C.
1656 2673 1697 2706 Α.
1721 2672 1761 2713 11,
1787 2681 1837 2715 57,
1863 2681 1891 2715 3.
1914 2680 1946 2712 4.

524 2729 571 2763 1x
593 2727 674 2773 (θ’).
698 2728 751 2764 of.
775 2729 814 2764 c,
837 2730 878 2764 A.
901 2729 940 2771 11,
966 2738 1005 2772 27
1028 2729 1124 2763 inser.
1306 2727 1369 2761 xv
1392 2725 1479 2771 (ιε’).
1501 2726 1554 2761 cr.
1578 2727 1616 2761 c.
1641 2727 1680 2760 A.
1703 2725 1775 2767 vu,
1802 2736 1851 2771 39.
