2457 3436
616 1047 657 1077 10

616 1369 657 1399 15

670 354 745 394 104
1260 356 1577 387 consriru‘rrorms

672 473 711 512 4.
750 458 892 512 Neque
929 455 1190 504 constituitur,
1234 460 1276 495 ut
1314 453 1493 508 spiritum
1528 452 1811 505 magnitudinis
1847 454 2030 507 accipiat,
2070 456 2147 495 cuiu

674 522 890 578 presbyteri
919 520 1125 575 participes
1154 526 1258 569 sunt,
1286 517 1355 559 sed
1385 525 1428 560 ut
1456 517 1598 572 dignus
1626 516 1706 569 fiat,
1741 518 1806 559 cui
1836 519 2053 573 episcopus
2081 533 2147 561 con

674 587 769 629 fidat
797 587 837 627 in
866 585 993 636 rebus,
1023 598 1121 640 quae
1151 584 1185 625 ei
1215 583 1470 625 conveniunt.
1529 595 1564 635 5.
1593 582 1688 624 Ideo
1719 583 1936 638 episcopus
1965 583 2071 625 solus
2096 584 2147 625 dia

677 665 825 694 conum
854 650 1023 692 ordinet.
1071 651 1107 691 6.
1135 648 1182 690 In
1211 647 1441 703 presbytero
1470 655 1600 690 autem
1631 649 1841 703 episcopus
1871 656 2030 703 partem
2050 649 2147 690 habet

679 717 791 771 eique
820 729 959 756 manus
988 714 1221 769 imponitur,
1249 713 1437 768 quoniam
1467 713 1572 755 idem
1601 714 1757 767 spiritus
1785 728 1909 769 super
1940 728 2031 756 eum
2052 716 2146 756 venit

678 795 769 822 nam
804 779 1006 835 presbyter
1040 793 1129 820 eum
1165 778 1289 820 rnodo
1322 779 1473 832 accipit,
1514 792 1597 819 non
1631 777 1747 819 habet
1780 786 2025 832 potestatem
2060 778 2147 820 dand

679 844 837 886 clerum.
885 843 980 886 Ideo
1001 858 1084 885 non
1102 844 1247 898 poterit
1277 843 1515 884 constituere
1544 843 1720 894 clericos,
1749 842 2029 898 presbyterum
2049 844 2147 885 mod(

679 911 848 963 signans,
886 923 1003 964 quem
1047 910 1254 963 episcopus
1292 908 1474 950 ordinare
1513 907 1662 950 debeat.
1720 921 1757 961 7.
1798 908 1929 963 Super
1965 908 2147 951 diaconun

678 981 809 1015 autem
828 974 879 1015 ita
897 974 1014 1015 dicat:
1044 974 1082 1015 8.
1111 973 1261 1024 ,‚Deus‚
1290 974 1356 1028 qui
1377 974 1511 1014 omnia
1530 974 1680 1024 creasti,
1710 974 1775 1029 qui
1795 975 1936 1015 omnia
1956 974 2147 1029 produxist

681 1037 763 1093 (et)
784 1039 993 1090 exornasti,
1020 1047 1128 1093 pater
1147 1038 1313 1079 Domini
1334 1045 1374 1079 et
1392 1037 1593 1080 salvatoris
1613 1038 1738 1079 nostri
1754 1037 1844 1079 Iesu
1865 1038 2029 1089 Christi,
2055 1053 2147 1093 quen

680 1103 831 1154 misisti,
873 1110 914 1144 ut
955 1104 1149 1145 ministret
1191 1102 1407 1144 secundum
1447 1102 1687 1144 voluntatem
1725 1110 1835 1145 tuam
1873 1110 1914 1145 et
1954 1102 2147 1145 manifeste

680 1167 794 1209 nobis
823 1167 1130 1209 misericordiam
1161 1176 1292 1219 tuam3
1328 1174 1447 1222 pater,
1482 1168 1638 1221 spiritus
1671 1168 1818 1221 gratiae
1846 1175 1939 1209 tuae
1968 1176 2007 1210 et
2033 1168 2147 1210 sollici·

680 1232 823 1274 tudinis
852 1240 939 1273 tuae
970 1232 1143 1287 (veniat)
1173 1246 1291 1287 super
1320 1232 1423 1273 hunc
1452 1246 1607 1274 servum
1642 1239 1768 1283 tuum,
1806 1247 1925 1287 quern
1964 1232 2147 1274 diaconun

680 1297 842 1351 elegisti,
884 1304 927 1338 ut
962 1298 1010 1338 sit
1045 1298 1084 1338 in
1120 1297 1281 1339 ecclesia
1314 1304 1379 1339 tua
1416 1303 1455 1339 et
1488 1297 1776 1338 sanctissimum
1809 1304 1925 1339 tuum
1962 1297 2147 1353 dispertiat

679 1361 787 1417 quod
815 1361 884 1404 tibi
913 1361 1075 1404 offertur
1103 1377 1124 1403 a
1153 1363 1328 1416 principe
1356 1361 1603 1404 sacerdotum
1637 1361 1918 1416 beneplacente
1948 1364 1989 1404 in
2019 1362 2147 1404 lauden

680 1428 854 1468 nominis
888 1428 958 1478 tui,
997 1434 1039 1468 ut
1068 1426 1412 1481 irreprehensibilis
1447 1428 1486 1468 in
1521 1428 1597 1468 vita
1626 1440 1720 1481 pura
1748 1426 1998 1470 administret
2030 1427 2147 1482 gradu:

680 1491 843 1542 ordinis,
863 1492 911 1533 ad
930 1506 1047 1547 quem
1067 1500 1337 1546 promovetur,
1366 1499 1408 1533 ut
1427 1500 1538 1534 tuum
1559 1492 1752 1534 honorem
1774 1501 2039 1548 consequatur
2057 1501 2147 1546 atqu«

680 1563 720 1597 te
748 1555 942 1610 glorificet
977 1571 1047 1612 per
1079 1556 1202 1599 filium
1236 1564 1347 1599 tuum
1377 1557 1506 1598 Iesum
1534 1557 1754 1598 Dominum
1786 1565 1983 1608 nostrum,
2019 1560 2058 1599 in
2090 1571 2147 1612 qu(

680 1620 750 1662 tibi
781 1628 838 1662 est
867 1621 998 1663 honor
1023 1628 1063 1663 et
1081 1623 1257 1676 potentia
1279 1629 1315 1664 et
1335 1622 1455 1664 virtus
1476 1628 1513 1663 et
1532 1621 1613 1662 laus
1634 1636 1722 1663 cum
1743 1623 1880 1676 spiritu
1900 1631 2039 1665 sancto
2068 1637 2147 1664 nun*

683 1693 722 1727 et
749 1700 906 1741 semper
936 1694 974 1728 et
1003 1688 1041 1727 in
1071 1686 1222 1728 saecula
1250 1686 1507 1738 saeculorum,
1536 1689 1690 1728 amen“.

1055 1806 1110 1846 IV
1142 1805 1314 1861 (xxxiv).
1356 1808 1416 1849 De
1444 1807 1791 1849 confessoribus.

795 1905 828 1933 1.
859 1891 1090 1933 Confessori
1118 1899 1264 1943 autem,
1293 1893 1326 1933 si
1353 1899 1513 1947 propter
1541 1906 1691 1933 nomen
1721 1893 1796 1934 Dei
1827 1894 1865 1934 in
1896 1893 2061 1935 vinculis
2090 1894 2147 1935 fuit

683 1970 821 1998 manus
850 1970 932 1997 non
962 1957 1185 2011 imponatur
1213 1957 1261 1998 ad
1281 1956 1529 1999 diaconatum
1557 1957 1618 1999 vel
1642 1957 1975 2012 presbyteratum;
2007 1973 2147 2013 namqu<

793 2068 809 2098 1
834 2075 882 2108 sp.
899 2064 1132 2108 magnitudinis
1155 2076 1163 2097 ε
1187 2074 1400 2098 communem
1422 2065 1603 2110 presbyteri
1618 2075 1666 2109 sp.
1682 2075 1758 2099 eum
1782 2064 1808 2099 L
1827 2066 1833 2108 Ι
1853 2069 1906 2104 417
1930 2066 1964 2100 in
1981 2067 2147 2111 presbyter

681 2137 723 2143 -
747 2118 870 2151 clerum
894 2130 901 2150 ε
925 2128 1024 2162 super
1048 2119 1274 2163 presbyterum
1297 2124 1406 2152 autem
1429 2119 1528 2153 etiam
1550 2120 1732 2164 presbyteri
1762 2120 2037 2163 superimponant
2060 2131 2147 2154 manu

682 2177 814 2216 propter
842 2182 1055 2206 communem
1085 2178 1118 2206 et
1145 2172 1286 2206 similem
1315 2173 1393 2206 cleri
1421 2173 1586 2217 spiritum;
1621 2173 1791 2218 presbyter
1820 2174 1911 2207 enim
1949 2174 2047 2208 huius
2073 2174 2147 2208 soliu

680 2226 778 2259 habet
802 2231 1012 2270 potestatem,
1034 2231 1069 2259 ut
1092 2227 1244 2270 accipian
1273 2227 1350 2260 dare
1372 2231 1483 2261 autem
1505 2236 1571 2261 non
1594 2227 1692 2261 habet
1715 2232 1916 2271 potestatem
1939 2228 1966 2262 L
1986 2230 1994 2270 1
2014 2232 2032 2263 7
2057 2230 2147 2273 poter

681 2281 878 2314 constituere
902 2291 910 2313 :
934 2280 1062 2313 ordinat
1085 2279 1111 2313 L
1141 2284 1147 2322 Ι
1178 2282 1231 2322 718
1258 2282 1485 2325 presbyterum
1510 2301 1551 2307 —
1574 2280 1692 2314 debeat
1720 2293 1729 2315 :
1759 2291 1857 2325 super
1879 2282 2067 2328 presbyteri
2094 2294 2147 2316 ver

681 2334 887 2368 ordinatione
910 2334 1082 2378 consignat
1105 2333 1265 2378 episcopo
1288 2334 1458 2369 ordinante
1481 2335 1507 2368 L
1526 2336 1532 2377 Ι
1557 2337 1610 2376 819
1634 2345 1731 2379 super
1753 2355 1797 2361 --
1818 2335 1907 2369 dicat
1929 2335 1957 2370 L
1981 2349 1989 2370 :
2015 2338 2118 2371 oratio
2139 2337 2147 2369 i

680 2389 885 2422 ordinatione
901 2388 1114 2422 diaconorum
1127 2406 1169 2414 -
1180 2388 1331 2433 Synodus
1344 2389 1545 2433 Aethiopum
1558 2389 1737 2422 secundum
1749 2389 1900 2423 codicem
1913 2389 2147 2436 Tubingensen

681 2451 698 2473 e
727 2453 793 2486 quo
822 2443 927 2476 oratio
958 2452 1098 2486 sequens
1125 2442 1297 2486 desumpta
1326 2449 1393 2484 est;
1428 2443 1468 2477 cf.
1491 2443 1592 2483 Funk,
1621 2444 1691 2477 Das
1717 2443 1893 2477 Testament
1921 2455 2048 2478 anseres
2071 2444 2147 2478 Hert

684 2504 761 2537 190¹
783 2507 815 2539 p.
835 2505 876 2539 29
893 2507 924 2529 n.
943 2505 972 2530 2.
992 2498 998 2538 Ι
1017 2499 1037 2530 9
1061 2496 1152 2541 prod.
1170 2502 1203 2529 et
1226 2498 1391 2530 exornasti
1415 2509 1422 2530 ε
1446 2498 1547 2531 verbo
1571 2497 1784 2541 perordinasti
1807 2496 1834 2530 L
1854 2499 1860 2540 Ι
1881 2501 1925 2532 lo
1949 2504 1982 2532 et
2005 2498 2147 2532 salvator}

679 2551 732 2634 >d
747 2548 772 2581 L
803 2553 810 2590 1
843 2553 882 2584 12
905 2556 1007 2593 pater,
1039 2551 1169 2593 spiritus
1193 2562 1200 2583 :
1224 2551 1264 2584 da
1288 2551 1436 2595 spiritum
1461 2557 1611 2585 sanctum
1633 2551 1660 2584 L
1691 2553 1698 2593 Ι
1728 2554 1823 2593 12113
1846 2551 1921 2586 son.
1946 2558 2024 2586 tuae
2048 2565 2056 2586 :
2080 2556 2117 2592 4-
2140 2563 2147 2584 ⁴

678 2601 709 2634 in
734 2603 852 2636 ustriae
875 2603 901 2636 L

721 2698 752 2732 6.
769 2699 876 2733 Verba
893 2701 985 2735 valde
998 2701 1136 2735 obscura
1147 2708 1239 2743 sunt3
1256 2712 1392 2736 sensum
1501 2704 1595 2746 7—8.
1618 2704 1670 2737 De
1686 2703 1861 2737 traditione
1883 2704 1984 2738 huius
1999 2705 2147 2749 particula

677 2758 850 2786 contextus
879 2755 987 2798 prodit
1016 2761 1048 2789 et
1076 2755 1210 2789 Latinus
1238 2756 1392 2790 distincte
1457 2758 1575 2791 videsis
1598 2764 1693 2791 notas
1716 2758 1855 2792 criticas.

676 2805 818 2845 exhibet,
840 2807 951 2841 locum
975 2815 1029 2842 aut
1045 2808 1171 2844 fidelius
1188 2810 1320 2844 tradens
1335 2818 1391 2845 aut
1499 2811 1556 2853 1v,
1584 2821 1633 2844 1-
1645 2821 1676 2846 2.
1699 2811 1857 2845 Similiter
1874 2812 2034 2847 Canones
2052 2813 2147 2857 Hippc

673 2865 899 2894 consentanee
922 2862 1148 2907 interpretans.
1456 2865 1517 2910 lyti
1539 2876 1567 2900 c.
1584 2864 1605 2899 6
1627 2872 1660 2899 et
1684 2866 1938 2900 Testamentum
1962 2866 2006 2901 D.
2022 2879 2054 2902 n.
2079 2868 2103 2907 1,
2126 2876 2147 2908 3«
