2457 3436
773 390 1088 420 cousi-nunnus
1115 389 1316 420 memsuis
1343 389 1609 418 norm-meaa.
1840 377 1940 420 XXI

452 485 554 539 {uod
573 486 726 539 primus
745 500 778 527 a.
805 486 904 538 1899
925 485 1058 536 edidit,
1077 485 1285 539 Epitomen
1307 483 1463 539 quidem
1485 499 1568 526 non
1589 485 1775 539 respexit3
1801 484 1938 526 Testa-

453 557 627 592 mentum
648 564 745 592 vero
766 549 917 592 fontem
931 550 1272 592 constitutionum
1292 557 1446 604 aegypt.
1468 557 1507 591 et
1527 550 1595 591 has
1614 548 1766 591 fontem
1781 549 1938 591 Consti-

452 617 647 657 tutionum
668 624 794 670 apost.
815 615 1013 657 declarans
1033 615 1079 656 ab
1100 614 1236 656 eadem
1255 622 1363 669 parte
1381 622 1469 664 stat,
1497 628 1613 669 quam
1634 614 1789 655 Achelis
1817 621 1937 656 tenet.

558 680 875 722 Constitutiones
889 681 1133 735 aegyptiacas
1147 680 1330 734 Epitome
1345 680 1585 734 posteriores
1606 693 1690 721 esse
1708 693 1790 720 non
1806 678 1935 720 solum

458 745 540 787 nde
559 746 747 800 sequitur,
772 745 880 800 quod
900 745 995 787 haec
1016 759 1037 787 e
1056 744 1414 787 Constitutionibus
1433 743 1705 798 apostolorum
1725 743 1848 794 fluxit,
1869 742 1938 785 sed

452 811 565 851 niam
593 811 700 864 ipsae
729 824 817 851 cum
838 810 1019 863 Epitome
1048 817 1292 863 comparatae
1319 808 1501 865 produnt.
1550 808 1715 850 Uberius
1736 808 1784 850 de
1805 809 1878 850 hac
1897 822 1938 850 re

452 884 653 928 postremo
682 875 722 915 in
753 874 850 915 libro
870 874 956 915 Das
984 874 1193 915 Testament
1210 888 1358 915 unscres
1377 873 1505 915 Herrn
1537 885 1633 926 1901
1665 887 1701 926 p.
1730 873 1937 926 126—178

452 939 653 995 disputavi,
682 939 731 980 ad
760 953 876 993 quem
906 939 1094 981 lectorem
1125 939 1327 981 remittens
1357 952 1476 993 pauca
1506 939 1567 979 hic
1596 951 1758 979 moneo.

561 1018 595 1046 1.
627 1004 940 1046 Constitutiones
959 1005 1207 1058 aegyptiacae
1226 1004 1352 1053 initio,
1374 1017 1406 1044 c.
1433 1016 1466 1052 1,
1490 1016 1524 1053 1,
1544 1002 1592 1044 ad
1611 1002 1742 1043 locum
1764 1002 1936 1057 priorem

452 1076 668 1123 provocant
702 1068 895 1110 dicentes:
930 1070 1029 1110 sicut
1063 1070 1102 1110 in
1138 1068 1402 1123 superioribus
1437 1068 1730 1118 constituimus;
1765 1068 1938 1121 itemque

452 1135 633 1188 Epitome
662 1148 696 1175 c.
730 1146 765 1187 3,
795 1145 818 1174 2
849 1142 888 1175 et
916 1133 1231 1176 constitutiones
1265 1133 1536 1187 apostolorum
1569 1133 1672 1183 VIII,
1701 1147 1740 1185 4,
1770 1144 1807 1183 2,
1842 1131 1938 1173 locis

452 1198 636 1253 parallelis
666 1198 800 1240 eadem
838 1197 918 1240 fere
951 1198 1068 1240 verba
1096 1198 1335 1249 adhibentes,
1370 1198 1517 1240 scilicet
1552 1196 1611 1246 ὡς
1643 1197 1688 1239 ἐν
1722 1206 1810 1246 τοῖς
1836 1211 1938 1249 ,προ-

452 1268 644 1314 ὶαβοῦσιν
674 1260 753 1316 ἅμα
779 1264 931 1312 πάντες
950 1263 1232 1317 διεταξάμεθα,
1261 1271 1376 1318 atque
1397 1270 1501 1305 certe
1520 1262 1638 1304 libros
1659 1263 1808 1316 priores
1828 1262 1937 1304 Con·

452 1330 697 1371 stitutionum
736 1337 859 1382 apost.
900 1329 1163 1383 respicientes.
1222 1328 1451 1370 Consensus
1493 1328 1557 1369 vix
1588 1327 1770 1369 fortuitus
1806 1334 1864 1369 est
1899 1334 1938 1368 et

452 1403 554 1437 recte
590 1395 749 1436 nonnisi
783 1393 873 1435 inde
903 1393 1125 1448 explicatur,
1160 1393 1266 1448 quod
1300 1392 1466 1434 formula
1501 1407 1549 1433 ex
1585 1407 1628 1434 ea
1664 1393 1861 1446 scriptura,
1897 1393 1936 1432 in

452 1474 524 1514 qua
549 1460 683 1503 locum
714 1458 825 1512 plane
855 1465 1165 1508 consentaneum
1197 1458 1324 1509 habet,
1366 1458 1404 1499 id
1443 1464 1501 1499 est
1531 1472 1552 1499 e
1582 1455 1937 1500 Constitutionibus

452 1533 574 1579 apost.
604 1524 665 1566 vel
693 1524 888 1578 Epitome,
923 1522 971 1564 ad
999 1537 1086 1564 eam
1115 1524 1277 1573 transiit,
1317 1524 1356 1564 in
1386 1536 1460 1577 qua
1490 1524 1619 1563 minus
1647 1522 1708 1563 vel
1736 1535 1851 1575 aegre
1881 1521 1938 1561 in·

452 1590 654 1643 tellegitur.
711 1587 774 1630 Cf.
802 1588 827 1629 l.
857 1602 890 1630 c.
919 1603 956 1642 p.
993 1600 1213 1641 132—135.

558 1666 595 1696 2.
625 1653 831 1706 Prologus,
860 1667 977 1707 quem
1008 1654 1179 1694 versioni
1207 1653 1323 1694 latine
1353 1666 1476 1706 nuper
1506 1652 1630 1694 editae
1660 1650 1860 1699 debemus,
1889 1650 1937 1691 ad

452 1725 655 1760 tractatum
691 1717 740 1759 de
769 1717 1059 1760 charismatibus
1088 1719 1262 1772 respicit3
1297 1718 1469 1772 itemque
1500 1717 1815 1759 Constitutiones
1844 1729 1938 1769 apo·

452 1784 643 1826 stolorum
673 1782 776 1832 VIII,
808 1795 844 1835 3,
881 1781 989 1837 quod
1023 1790 1137 1837 caput
1174 1797 1277 1823 nunc
1312 1782 1469 1837 quidem
1508 1783 1546 1822 in
1577 1781 1758 1835 Epitome
1793 1779 1936 1829 deficit,

453 1849 544 1890 olim
573 1855 705 1890 autem
725 1849 765 1889 in
785 1849 972 1901 scriptura
992 1846 1109 1889 fuisse
1129 1847 1370 1889 censendum
1400 1855 1476 1899 est;
1506 1855 1621 1902 atque
1640 1847 1700 1887 hic
1721 1858 1937 1886 consensus

453 1913 625 1955 similiter
654 1920 769 1967 atque
797 1912 860 1954 ille
880 1912 1195 1954 Constitutiones
1215 1920 1340 1966 apost.
1360 1911 1512 1953 fontem
1542 1912 1696 1952 alterius
1725 1911 1936 1963 scripturae

453 1992 533 2020 esse
563 1978 713 2028 annuit,
743 1992 832 2019 cum
862 1977 946 2018 illae
976 1976 1153 2031 profecto
1174 1985 1262 2018 ante
1283 1977 1412 2018 locum
1433 1976 1628 2018 laudatum
1654 1982 1859 2017 tractatum
1888 1973 1937 2015 de

453 2042 742 2085 charismatibus
771 2043 989 2092 exhibeant,
1019 2041 1088 2083 sed
1107 2042 1266 2083 dubium
1286 2043 1348 2092 sit,
1378 2056 1473 2083 num
1497 2042 1591 2082 haec
1611 2039 1816 2095 aliquando
1838 2041 1937 2080 eius·

453 2107 559 2151 modi
588 2107 813 2162 particulam
843 2107 1090 2149 continuerit.
1148 2106 1209 2149 Cf.
1239 2107 1263 2148 l.
1294 2121 1326 2148 c.
1358 2121 1393 2160 p.
1430 2119 1651 2160 135—137.

559 2185 593 2227 3.
630 2173 722 2213 Pars
755 2172 930 2226 liturgiae
959 2172 1065 2227 prior
1094 2171 1152 2213 vel
1184 2186 1239 2223 ea,
1275 2186 1390 2227 quam
1420 2173 1622 2213 versiones
1651 2170 1869 2225 aethiopica
1900 2177 1938 2211 et

452 2237 563 2279 latina
587 2238 731 2291 pariter
751 2236 947 2286 exhibent,
976 2251 1030 2278 sc.
1051 2251 1084 2277 c.
1110 2250 1144 2287 1,
1165 2249 1292 2288 9—21
1318 2236 1428 2291 (23),
1459 2237 1637 2291 proxime
1666 2235 1714 2277 ad
1744 2235 1936 2288 liturgiam

453 2302 790 2345 constitutionum
825 2301 1095 2356 apostolorum
1130 2301 1290 2351 accedit,
1329 2301 1397 2343 sed
1435 2302 1505 2342 hac
1542 2301 1695 2342 brevior
1730 2308 1788 2341 est
1823 2308 1936 2354 atque

453 2366 655 2418 eiusmodi,
692 2374 732 2408 ut
767 2367 926 2408 nonnisi
965 2381 1011 2408 ex
1047 2366 1117 2408 hac
1153 2374 1331 2420 excerpta
1360 2365 1478 2407 fuisse
1506 2365 1699 2408 censenda
1728 2365 1788 2406 sit.
1847 2364 1937 2405 Pars

453 2433 656 2486 posterior,
692 2445 808 2485 quam
843 2432 970 2472 versio
1005 2431 1222 2486 aethiopica
1256 2431 1338 2472 sola
1373 2430 1499 2482 tradit,
1535 2445 1588 2471 sc.
1625 2444 1658 2471 c.
1694 2443 1726 2480 1,
1763 2442 1936 2482 24—34,

452 2496 624 2551 liturgiae
652 2496 693 2537 S.
721 2495 842 2537 Marci
871 2497 1128 2550 propinquior
1157 2504 1214 2537 est
1250 2504 1287 2537 et
1316 2496 1362 2537 ab
1391 2496 1520 2550 aliquo
1555 2496 1773 2550 posteriore
1808 2494 1936 2535 addita

452 2576 534 2604 esse
570 2560 737 2603 videtur.
793 2561 861 2602 Sin
896 2568 1027 2602 autem
1066 2562 1234 2603 auctoris
1274 2569 1389 2611 esset,
1428 2561 1614 2614 scriptura
1651 2561 1766 2601 etiarn
1807 2560 1937 2600 minus

452 2625 806 2669 Constitutionibus
840 2625 1109 2680 apostolorum
1152 2627 1258 2680 prior
1297 2625 1426 2666 haberi
1464 2633 1610 2679 posset.
1668 2624 1708 2666 Si
1744 2626 1849 2666 enim
1886 2625 1936 2665 ita

452 2700 562 2743 esset,
592 2705 677 2733 non
696 2691 823 2732 solum
846 2699 948 2733 esset
968 2691 1245 2744 colligendum,
1276 2691 1369 2732 duas
1386 2691 1572 2744 liturgias,
1593 2690 1936 2733 Constitutionum

452 2765 572 2812 apost.
603 2764 643 2798 et
672 2755 712 2797 S.
731 2755 865 2807 Marci,
895 2770 917 2797 e
938 2755 1294 2798 Constitutionibus
1323 2763 1477 2810 aegypt.
1508 2755 1677 2805 fluxisse,
1706 2754 1776 2796 sed
1804 2755 1935 2804 etiam,

452 2829 626 2864 auctores
660 2820 795 2862 harum
829 2821 1070 2875 liturgiarum
1106 2836 1128 2863 e
1163 2821 1313 2863 duobus
1348 2820 1520 2862 fontibus
1561 2821 1745 2870 hausisse,
1788 2834 1876 2861 cum
1915 2834 1936 2860 e

452 2887 636 2941 ⁵criptura
655 2892 800 2936 nostra,
821 2894 860 2927 et
878 2886 1037 2941 quidem
1058 2886 1218 2928 alterum
1237 2894 1384 2941 partem
1403 2886 1588 2940 priorem,
1609 2886 1769 2927 alterum
1787 2892 1935 2938 partem
