2457 3436
781 271 937 301 εΡιτοΜΕ
965 272 1067 300 unm
1096 272 1165 300 vm
1193 272 1527 301 CONS‘rlTUTloNUM.
1839 261 1896 301 XI

512 379 551 418 9.
580 366 776 408 Parisinus
808 367 907 420 1085
941 367 1015 422 (=·
1045 367 1105 422 p),
1135 366 1467 418 membranaceus,
1497 366 1647 410 formae
1675 368 1894 423 quadratae,

409 431 569 486 scriptus
596 445 630 472 a.
668 443 781 482 1001,
809 431 992 473 foliorum
1026 444 1116 485 334.
1174 430 1236 473 Cf.
1257 431 1428 483 Omont,
1458 433 1671 474 Inventaire
1697 434 1897 474 sommaire

408 494 606 550 10886),
626 508 727 549 2173
756 496 1005 538 Fac-Similes
1031 496 1094 538 des
1114 498 1337 538 manuscrits
1362 512 1469 551 grecs
1496 497 1601 538 dates
1628 497 1733 538 dela
1752 497 1894 539 Biblio-

406 560 531 616 tblque
558 561 750 602 nationale
776 561 826 602 du
856 562 930 602 IX·
952 575 1003 602 au
1034 562 1143 602 XIV⁶
1164 562 1272 602 siecle
1305 564 1401 614 1891
1435 562 1509 604 tab.
1540 563 1592 613 X,
1622 577 1696 617 qua
1723 562 1815 604 folia
1845 575 1894 615 59

406 632 443 666 et
469 638 521 679 77
551 624 636 667 libri
665 627 945 681 exprimuntur.
1235 622 1243 631 ”

511 690 707 733 Codicum
728 692 1017 746 antiquissimus
1037 699 1095 733 est
1113 691 1397 733 Ambrosianus
1418 706 1452 743 a,
1482 707 1651 747 eumque
1668 706 1824 747 sequor,
1853 693 1893 733 in

408 763 591 810 quantum
622 754 706 797 fieri
736 764 880 811 potest,
909 757 1136 811 praesertim
1167 758 1206 797 in
1236 756 1527 811 orthographia,
1556 771 1709 811 ponens
1738 772 1763 798 ν
1782 758 1895 809 ἐφελ-

408 820 601 862 κυστικὸν
635 828 708 863 etc.
765 820 892 862 Modo
929 822 969 862 in
1004 820 1232 875 fragmentis
1266 822 1305 862 in
1341 835 1391 863 eo
1427 836 1509 863 non
1546 822 1624 863 iam
1659 822 1895 864 exstantibus

411 885 572 940 primum
603 886 734 928 locum
764 885 933 928 attribuo
962 885 1088 927 codici
1109 887 1300 928 Vaticano
1321 886 1383 928 vel
1401 900 1432 927 r.
1482 887 1583 928 Cum
1615 893 1746 929 autem
1766 901 1894 942 neque

415 949 469 992 ille
494 950 591 992 liber
620 950 774 992 mendis
808 958 931 1001 vacet,
969 951 1085 992 etiam
1122 951 1258 1005 reliqui
1293 950 1498 1005 diligenter
1532 952 1763 1006 respiciendi
1792 959 1894 993 sunt.

416 1014 566 1070 Insuper
599 1030 699 1070 opus
727 1015 1012 1058 consulendum
1049 1023 1119 1066 est,
1155 1030 1176 1058 e
1205 1030 1284 1071 quo
1320 1016 1536 1070 fragmenta
1572 1016 1756 1058 dehausta
1791 1023 1895 1065 sunt,

420 1079 522 1135 idque
551 1095 837 1135 nonnunquam
868 1080 1067 1123 codicibus
1096 1080 1206 1123 valde
1226 1082 1326 1123 inter
1353 1095 1396 1123 se
1425 1081 1690 1124 differentibus
1719 1082 1757 1123 in
1786 1089 1895 1124 textu

422 1145 650 1188 recensendo
671 1147 829 1187 maximi
856 1148 1049 1188 momenti
1072 1155 1142 1189 est.
1190 1146 1347 1200 Signavi
1369 1161 1468 1201 opus
1489 1162 1558 1189 seu
1580 1147 1895 1189 Constitutiones

426 1211 676 1264 apostolorum
697 1212 745 1262 C,
775 1211 989 1253 editionem
1020 1212 1234 1266 principem
1265 1212 1326 1253 vel
1348 1211 1637 1254 Gretserianam
1661 1226 1695 1254 a.
1723 1214 1823 1265 1617
1844 1212 1894 1254 G.

512 1276 746 1331 Proponens
774 1275 991 1330 fragmenta
1020 1290 1101 1318 non
1121 1290 1267 1331 sequor
1287 1276 1466 1318 ordinem
1490 1276 1796 1327 Quaestionum,
1826 1276 1894 1318 sed

430 1339 584 1383 ordinem
614 1342 955 1384 Constitutionum
985 1341 1269 1396 apostolorum.

659 1592 877 1633 Eprromz
905 1592 1037 1633 unm
1067 1527 1641 1633 VIIIIILCONSTITUTIONUH.

511 1666 616 1708 Libri
636 1666 730 1708 VIII
750 1666 1089 1708 Constitutionum
1109 1674 1237 1708 textus
1258 1666 1524 1708 circumfertur
1544 1681 1565 1707 a
1586 1667 1789 1708 communi
1810 1667 1894 1721 plus

428 1732 534 1774 minus
562 1730 760 1773 differens.
806 1732 1000 1785 Scriptura
1030 1732 1176 1773 omittit
1205 1746 1339 1786 preces
1368 1731 1429 1772 vel
1450 1739 1577 1786 partes
1606 1732 1801 1785 liturgicas
1825 1745 1895 1773 seu

427 1795 746 1839 Constitutionum
763 1797 887 1851 capita
899 1797 950 1846 V,
966 1797 1142 1849 9-XV,
1158 1797 1310 1847 XXIX,
1326 1797 1633 1838 XXXV—XLI
1648 1805 1687 1838 et
1703 1804 1816 1851 caput
1831 1797 1896 1847 ΙΙΙ,

423 1874 487 1915 quo
512 1875 601 1916 pars
620 1862 745 1916 prima
764 1861 847 1903 libri
868 1861 967 1903 illius
987 1875 1075 1902 cum
1097 1869 1287 1916 sequente
1308 1862 1572 1915 coniungitur,
1602 1862 1735 1903 omnia
1764 1869 1895 1903 autem

421 1926 573 1978 exhibet,
607 1940 707 1982 quae
741 1926 789 1968 ad
818 1926 1057 1981 disciplinam
1096 1926 1281 1968 ecclesiae
1309 1927 1519 1980 pertinent,
1554 1926 1679 1968 modo
1709 1926 1897 1968 nonnulla

418 1999 563 2034 mutata.
610 1991 808 2034 Dividitur
833 1992 873 2033 in
893 1992 1063 2047 quinque
1089 1999 1215 2046 partes
1243 1992 1411 2033 maiores
1431 1991 1625 2045 profectas
1645 1992 1691 2033 ab
1712 1991 1896 2033 omnibus

414 2057 467 2098 vel
493 2057 658 2111 singulis
685 2056 884 2111 apostolis.
941 2056 1056 2098 Haud
1085 2055 1241 2111 quidem
1272 2064 1390 2107 recte,
1420 2064 1461 2098 ut
1490 2058 1748 2111 perspicimus
1777 2057 1897 2110 scrip-

412 2129 529 2163 turam
559 2136 652 2164 cum
673 2121 1030 2163 Constitutionibus
1059 2128 1343 2175 comparantes.
1392 2121 1560 2163 Decreta
1589 2123 1695 2162 enim
1725 2121 1828 2162 Petri
1858 2128 1898 2162 et

408 2187 511 2229 Pauli
538 2188 579 2228 in
608 2187 687 2228 hoc
714 2185 812 2228 libro
842 2185 1119 2228 tantummodo
1150 2186 1198 2228 de
1217 2186 1321 2227 feriis
1347 2194 1385 2228 et
1405 2186 1581 2240 precibus
1601 2194 1734 2239 agunt.
1783 2186 1898 2235 Quae

405 2251 612 2307 particulae
647 2250 875 2302 succedunt,
911 2265 955 2293 ea
984 2252 1022 2292 in
1055 2251 1414 2293 Constitutionibus
1448 2251 1495 2292 ad
1525 2251 1709 2292 Iacobum
1740 2250 1897 2292 fratrem

405 2317 570 2359 Domini
598 2316 831 2367 referuntur,
861 2330 988 2371 neque
1018 2316 1179 2359 dubium
1211 2323 1282 2365 est,
1318 2316 1431 2357 huius
1462 2330 1610 2357 nomen
1643 2316 1800 2357 nonnisi
1829 2329 1898 2369 per

401 2382 697 2436 neglegentiam
726 2382 787 2423 vel
815 2381 906 2423 ideo
935 2382 1125 2423 omissum
1157 2394 1255 2430 esse,
1291 2380 1398 2435 quod
1427 2380 1642 2430 decretum,
1672 2379 1778 2435 quod
1807 2394 1898 2434 pro-

400 2447 548 2502 posuit,
577 2460 662 2488 non
690 2454 819 2488 totum
846 2446 1112 2501 recipiebatur,
1143 2446 1211 2488 sed
1230 2460 1318 2501 pars
1336 2446 1531 2500 posterior
1551 2453 1715 2487 tantum.
1765 2445 1899 2499 Itaque

398 2527 471 2555 sex
499 2506 629 2567 partes
657 2511 937 2554 discernendae
966 2520 1069 2561 sunt,
1104 2511 1166 2553 vel
1200 2519 1365 2565 septem,
1399 2525 1487 2553 cum
1527 2511 1726 2552 nonnullis
1761 2509 1898 2551 saltem

398 2576 604 2620 codicibus
624 2577 744 2619 etiam
765 2577 950 2619 Canones
970 2577 1242 2632 apostolorum
1263 2576 1535 2630 adiungantur,
1563 2577 1627 2630 qui
1647 2574 1768 2617 finem
1790 2574 1898 2616 Con-

398 2643 652 2685 stitutionum
674 2641 830 2684 faciunt.
878 2642 998 2684 Nolui
1018 2650 1148 2684 autem
1170 2649 1333 2683 mutare.
1380 2642 1475 2683 Non
1505 2648 1563 2682 est
1583 2640 1756 2691 editoris,
1782 2640 1899 2693 scrip-

396 2716 527 2750 turam
555 2708 772 2761 corrigere,
810 2707 880 2749 sed
914 2721 1000 2748 eam
1028 2706 1145 2748 talem
1177 2706 1352 2756 reddere,
1388 2706 1540 2761 qualem
1570 2713 1705 2747 auctor
1734 2705 1900 2759 scripsit.

399 2773 615 2815 Particulae
644 2773 703 2814 sic
732 2772 1007 2814 inscribuntur:
