2457 3436
791 322 1114 352 coxs‘mcnonuu
1141 322 1404 352 APOSTOLORUM
1433 323 1512 353 vm.
1845 314 1895 353 87

407 416 639 459 παυσάσθω
654 416 678 472 ἢ
694 414 1006 468 ἂποβαλλέσθω.
1044 431 1102 472 14.
1118 417 1343 473 ἑλληνικοῖς
1362 435 1424 467 τις
1444 418 1581 460 ἔθεσιν
1601 420 1897 470 ἐξακολουθοῖν

405 480 430 536 ἢ
454 483 678 531 ἰουδαϊκοῑς
704 482 855 536 μύθοις
873 481 898 536 ἢ
917 484 1209 536 μετατιθέσθω
1233 480 1258 535 ἢ
1277 479 1591 533 ἀποβαλλέσθω.
1644 497 1704 536 15.
1725 488 1896 537 θεατρο-

402 550 527 602 naviga
562 549 599 589 εἲ
622 564 685 596 τις
718 547 957 601 πρόσκειται
990 545 1016 602 ἢ
1044 550 1250 602 κυνηγίοις
1277 545 1301 601 ἢ
1331 548 1642 602 ἱπποδρομικοτς
1670 546 1836 602 ἀγῶσιν,
1871 548 1895 603 ἢ

402 611 639 654 παυσάσθω
667 610 693 666 ἢ
721 609 1032 663 ἀποβαλλέσθω.
1086 615 1146 654 16.
1175 610 1198 654 ὁ
1226 614 1389 665 μέλλων
1416 617 1678 667 κατηχετσθαι
1706 617 1799 667 τρία
1827 614 1897 669 ἔτη

403 680 674 732 κατηχείσθω.
730 678 765 719 εἰ
802 679 846 719 δὲ
881 676 1102 726 σπουδαῖός
1137 694 1199 726 τις
1236 671 1261 729 ᾗ
1299 680 1366 719 καὶ
1404 677 1572 720 εὔνοιαν
1610 677 1677 731 ἔχῃ
1714 681 1808 730 περὶ
1843 680 1894 721 τὸ

401 748 582 797 πρᾶγμα,
611 744 913 795 προσδεχέσθω,
943 738 1007 784 ὅτι
1037 742 1111 795 οὐχ
1131 740 1154 784 ὁ
1174 741 1336 795 χρόνος,
1367 740 1452 784 ἀλλ’
1484 740 1508 784 ὁ
1527 743 1683 795 τρόπος
1701 747 1896 797 κρίνεται.

409 822 470 862 17.
501 806 526 850 ὁ
556 808 762 850 διδάσκων
790 808 910 849 εἶκαὶ
928 807 1069 856 λαῖκὸς
1098 808 1170 862 εἴη,
1198 808 1386 860 ἔμπειρος
1414 808 1456 849 δὲ
1486 812 1563 850 τοῦ
1586 808 1714 862 λόγου
1732 811 1800 850 καὶ
1818 809 1896 850 τὸν

403 872 566 926 τρόπον
585 873 745 925 σεμνός,
765 874 1004 915 διδασκέτω·
1025 872 1245 922 ,,ἔσονται“
1260 873 1336 926 γὰρ
1350 871 1529 923 ,,πάντες
1549 874 1732 915 διδακτοὶ
1753 877 1895 915 θεοῦ“.

519 939 580 979 18.
615 940 701 986 Πᾶς
733 937 879 986 πιστὸς
913 934 937 990 ἢ
963 937 1088 991 πιστὴ
1121 936 1256 979 ἕωθεν
1290 934 1537 986 ἀναστάντες
1571 937 1614 988 ἐξ
1646 936 1782 979 ὕπνου
1815 938 1898 991 πρὸ

403 1007 481 1044 τοῦ
510 1002 631 1056 ἔργον
659 1003 884 1045 ἐπιτελέσαι
913 1002 1126 1055 νιψάμενοι
1154 1004 1538 1055 προσευχέσθωσαν·
1567 1004 1603 1044 εἰ
1630 1004 1675 1044 δέ
1691 1018 1754 1052 τις
1772 1002 1897 1057 λόγου

405 1067 625 1121 κατήχησις
650 1070 817 1121 γίνεται,
846 1067 1217 1121 προτιμησάτωσαν
1244 1073 1322 1109 τοῦ
1341 1067 1462 1121 ἔργου
1483 1067 1559 1109 τὸν
1578 1068 1706 1120 λόγον
1734 1073 1807 1122 τῆς
1833 1068 1897 1109 ev'-

404 1134 571 1182 σεβείας.
625 1145 685 1184 19.
714 1131 862 1181 πιστὸς
879 1131 905 1186 ἢ
925 1131 1047 1186 πιστὴ
1074 1141 1161 1181 τοῖς
1181 1133 1356 1180 οἰκέταις
1375 1130 1553 1184 εὐμενῶς
1572 1134 1895 1184 προσεχέτωσαν,

406 1196 553 1245 καθώς
580 1198 649 1238 καὶ
675 1197 720 1238 ἐν
738 1205 825 1246 τοῖς
844 1200 1097 1249 προλαβοῦσι
1118 1196 1388 1250 διεταξάμεθα
1406 1199 1474 1238 καὶ
1493 1197 1538 1238 ἐν
1557 1206 1646 1246 ταῖς
1664 1197 1898 1246 ἐπιστολαῖς

405 1262 654 1315 ἐδιδάξαμεν.

1127 1407 1176 1444 Δ.

451 1505 701 1544 ΠΕΤΡΟΥ
721 1506 826 1543 ΚΑΙ
851 1504 1097 1544 ΠΑΥΛΟΥ
1121 1503 1249 1542 ΤΩΝ
1273 1503 1464 1542 ΑΙἾῼΝ
1489 1503 1859 1542 ΑΠΟΣΤΟΛῼΝ

986 1576 1319 1622 ΔΙΑΤΑΞΕΙΣ.

706 1694 841 1735 XXIII
868 1693 1047 1749 (xxxm).
1089 1699 1201 1749 Περὶ
1230 1694 1385 1749 ἀργίας
1415 1695 1600 1735 δούλων.

526 1793 557 1821 1.
592 1776 693 1834 Ἐγὼ
724 1784 888 1829 Παῦλος
921 1781 989 1822 καὶ
1017 1782 1172 1833 Πέτρος
1206 1779 1507 1832 διατασσόμεθα
1534 1779 1772 1832 ἐργάζεσθαι
1801 1779 1898 1826 τοὺς

406 1844 583 1893 δούλους
610 1847 731 1887 πέντε
760 1843 918 1899 ἡμέρας,
957 1844 1161 1896 σάββατον
1195 1846 1238 1887 δὲ
1273 1847 1339 1886 καὶ
1367 1844 1565 1897 κυριακὴν
1594 1845 1898 1896 σχολαζέτωσαν

406 1917 458 1964 τῇ
493 1911 684 1965 ἐκκλησίᾳ
726 1910 793 1952 διὰ
834 1910 910 1964 τὴν
949 1911 1210 1951 διδασκαλίαν
1251 1914 1324 1962 τῆς
1364 1905 1573 1960 εὐσεβείας.
1634 1908 1681 1951 τὸ
1712 1910 1785 1962 μὲν
1823 1908 1898 1961 γὰρ

405 1977 613 2027 σάββατον
658 1975 825 2027 εἴπομεν
867 1976 1123 2029 δημιουργίας
1164 1974 1289 2028 λόγον
1330 1973 1447 2027 ἔχειν,
1491 1973 1567 2028 τὴν
1615 1975 1657 2015 δὲ
1702 1973 1928 2027 κυριακὴν·

518 2087 539 2118 8
562 2083 674 2117 Ioann.
698 2083 729 2122 6,
752 2091 809 2125 453
832 2083 893 2116 Ies.
921 2091 970 2125 54,
998 2092 1045 2126 13.
1070 2103 1108 2106 —
1135 2086 1176 2117 12
1199 2082 1280 2126 Eph.
1303 2081 1333 2123 6,
1357 2092 1393 2126 93
1417 2082 1490 2115 Col.
1513 2091 1543 2122 4,
1570 2091 1597 2115 1.

521 2185 536 2215 1
563 2177 688 2215 ἔθεσιν
709 2191 762 2220 τις
784 2180 805 2212 b
827 2179 844 2213 f
861 2191 882 2213 n
904 2184 907 2221 Ι
933 2177 1059 2214 ἔθεσιν
1082 2188 1116 2215 >
1142 2191 1161 2213 a
1185 2183 1191 2221 Ι
1216 2184 1237 2214 2
1259 2180 1483 2222 μεταθέσθω
1506 2190 1524 2212 a
1550 2183 1554 2221 Ι
1580 2183 1638 2221 2,’4
1661 2181 1834 2222 θεατρομ.
1859 2197 1889 2201 κ-

407 2233 679 2278 ἆποβαλλέσθω
702 2240 778 2277 post
800 2235 959 2277 κρίνεται
984 2234 1004 2267 b
1026 2235 1043 2266 f
1061 2245 1081 2266 n
1103 2238 1106 2276 Ι
1127 2238 1147 2268 3
1170 2231 1357 2277 πρόκειται
1383 2244 1401 2266 a
1422 2243 1426 2274 ε
1446 2236 1466 2268 5
1490 2228 1510 2276 ᾖ
1528 2244 1546 2266 a
1571 2230 1630 2274 (εἷ,
1655 2243 1737 2266 corr.
1757 2242 1822 2265 sec.
1838 2232 1900 2273 m.)

408 2300 442 2323 m
467 2289 528 2323 C:
553 2286 609 2331 εἴη
633 2289 653 2321 b
677 2285 1112 2331 ἱηνιέχῃηειὶεέχει
1137 2287 1284 2330 τε115;’6
1307 2289 1392 2331 περὶ
1414 2284 1455 2321 τὸ
1478 2290 1625 2331 πρᾶγμα
1651 2295 1684 2321 >
1709 2296 1727 2319 a
1751 2296 1783 2318 m
1807 2290 1858 2318 st
1888 2287 1892 2329 Ι

407 2347 429 2379 6
453 2340 518 2386 οὐχ
543 2339 563 2376 ὁ
589 2354 596 2375 :
620 2339 664 2377 οὐ
687 2342 707 2375 b
730 2347 743 2375 t
763 2344 768 2385 Ι
788 2338 862 2376 ἀλλ’
885 2337 905 2376 ὃ
929 2353 936 2375 :
961 2339 1049 2376 ἀλλὰ
1078 2353 1097 2375 a
1120 2342 1139 2374 b
1163 2353 1184 2374 n
1208 2347 1220 2374 1
1241 2345 1245 2380 Ι
1266 2343 1424 2384 κρίνεται
1451 2353 1457 2373 :
1481 2342 1615 2383 γίνεται
1641 2340 1676 2380 fl
1697 2342 1718 2374 8
1740 2341 1900 2372 διδακτοὶ

408 2395 541 2436 πάντες
557 2408 578 2428 v
596 2397 601 2439 Ι
623 2397 821 2430 διδακτικοὶ
837 2406 855 2428 a
874 2396 879 2438 Ι
903 2400 943 2430 10
960 2393 1089 2438 ἔργονε
1110 2392 1219 2438 ἔργου
1235 2394 1251 2427 f
1263 2405 1278 2427 s
1294 2401 1317 2435 t,
1332 2393 1375 2428 τὸ
1391 2391 1646 2438 ἐργόχειρονῐῐι
1668 2395 1671 2433 Ι
1694 2393 1750 2427 el:
1769 2390 1834 2427 ἐὰν
1848 2393 1868 2425 b
1889 2396 1893 2435 ξ

411 2454 507 2485 101‘11
524 2448 633 2494 λόγος
648 2446 879 2493 κατηχήσεως
896 2449 912 2482 f
924 2460 955 2482 m
975 2460 991 2482 s
1011 2452 1015 2489 Ι
1038 2453 1075 2484 11
1094 2448 1237 2492 γένηται
1255 2449 1274 2481 b
1295 2456 1299 2490 Ι
1319 2445 1576 2491 προτιμησάτω
1592 2448 1611 2480 b
1629 2459 1648 2480 v
1669 2448 1674 2490 Ι
1696 2450 1736 2480 12
1749 2444 1875 2486 πιστός
1893 2459 1899 2480 ;

407 2509 478 2545 πᾶς
499 2516 536 2538 π.
559 2503 577 2537 f
592 2508 595 2546 Ι
618 2502 778 2546 εὐμενῶς
803 2507 840 2544 -Ι-
868 2501 1076 2546 εὕχομένοις
1098 2514 1117 2535 v
1137 2504 1142 2545 Ι
1165 2506 1204 2537 13
1228 2500 1443 2544 διετάξαμεν
1464 2513 1498 2535 m
1519 2503 1523 2543 Ι
1551 2505 1590 2535 14
1615 2501 1752 2545 Πέτρου
1776 2512 1783 2534 :
1807 2511 1901 2544 prae·

409 2559 498 2592 misit
527 2557 570 2593 ἐκ
597 2561 663 2592 τοῦ
685 2554 797 2592 αὐτοῦ
826 2554 857 2601 η’
878 2558 1027 2601 βιβλίου
1049 2568 1067 2590 a
1100 2559 1105 2598 Ι
1132 2560 1205 2590 τῶν
1228 2552 1343 2599 ἁγίων
1365 2553 1424 2590 α’π.
1449 2564 1482 2592 >
1507 2568 1527 2588 v
1558 2558 1564 2597 Ι
1597 2559 1635 2589 15
1659 2552 1816 2595 διάταξις
1838 2566 1858 2586 v
1889 2557 1892 2567 ¹

412 2617 452 2648 16
474 2614 560 2656 περὶ
581 2609 615 2646 α’.
631 2608 770 2646 δούλων
784 2612 805 2644 b
821 2611 837 2644 f
849 2622 869 2644 n
889 2623 896 2645 :
914 2623 950 2645 π.
968 2607 1127 2654 ἅργειαῑν
1144 2613 1174 2645 δ.
1190 2616 1223 2644 et
1238 2615 1314 2643 ante
1331 2610 1471 2654 Πέτρου
1486 2610 1506 2643 l.
1528 2618 1567 2650 14
1584 2621 1613 2651 v,
1637 2611 1719 2652 περὶ
1735 2606 1864 2652 ἀργίας
1878 2614 1900 2648 1,

408 2669 494 2709 περὶ
517 2669 581 2701 τοῦ
604 2662 797 2708 φυλάττειν
819 2662 972 2700 ἕκαστον
994 2662 1095 2705 τάξιν
1122 2665 1183 2699 καὶ
1207 2666 1433 2707 λειτουργίαν
1455 2675 1502 2706 m,
1532 2673 1566 2699 >
1591 2675 1608 2696 a
1632 2674 1647 2696 s
1673 2666 1677 2706 Ι
1707 2667 1745 2696 17
1769 2662 1903 2706 Πέτρος

411 2722 472 2755 καὶ
496 2722 637 2759 Παῦλος
659 2730 693 2752 m
717 2730 732 2752 s
755 2725 768 2752 1
791 2731 811 2752 ν
837 2722 841 2761 Ι
868 2716 1106 2761 διατάσσομαι
1130 2730 1160 2758 ν,
1191 2715 1433 2759 διατάσσομεν
1454 2729 1473 2751 a
1496 2729 1531 2750 m
1554 2728 1568 2750 s
1593 2724 1604 2750 1
1631 2720 1635 2760 Ι
1657 2720 1698 2751 18
1721 2714 1870 2755 δούλους
1893 2727 1901 2749 :

409 2773 519 2814 λαοὺς
533 2786 568 2808 m
586 2780 609 2814 t,
624 2770 772 2812 λαῖκούς
787 2779 800 2806 1
821 2775 824 2813 Ι
845 2770 1034 2817 σάββατον
1051 2773 1089 2807 δὲ
1108 2774 1194 2807 καί;
1212 2770 1254 2806 τὸ
1271 2784 1303 2806 σ.
1320 2772 1359 2806 δὲ
1376 2784 1409 2806 κ.
1427 2770 1489 2815 τὴν
1504 2784 1524 2803 ν
1544 2774 1549 2814 Ι
1569 2775 1611 2805 20
1628 2770 1779 2812 εἶ’πομεν
1796 2779 1830 2806 >
1849 2771 1868 2802 b
1889 2770 1895 2812 Ι

409 2826 520 2871 λόγον
542 2840 550 2862 z
574 2825 708 2872 τρόπον
728 2838 763 2860 m
786 2837 802 2860 s
824 2833 837 2860 1

1919 687 1940 718 5

1923 1011 1964 1042 10

1925 1584 1962 1613 15
