2457 3436
667 365 933 395 APos'romRuu
961 366 1026 401 vn,
1054 367 1085 404 9,
1111 367 1225 404 1-12,
1247 368 1277 397 4.
1631 357 1712 395 399

452 461 541 512 ium,
569 462 636 516 qui
649 464 852 502 sermonem
871 461 950 503 Dei
974 461 1045 502 tihi
1070 461 1245 516 quuitur,
1274 460 1520 515 glorificabis,
1550 462 1710 517 eiusque

452 540 490 567 π
523 525 586 568 die
620 540 664 568 ac
698 534 828 577 nocte,
865 526 1076 568 honorabis
1110 535 1240 568 autern
1276 541 1366 568 eum
1403 540 1485 568 non
1524 534 1708 581 tanquam

452 598 636 640 actorem,
675 590 744 633 sed
782 598 979 646 tamquam
1025 590 1145 642 illum,
1191 592 1256 646 qui
1290 591 1359 632 tibi
1394 600 1435 633 ut
1468 591 1569 633 bene
1604 605 1709 633 esses

485 657 658 708 exstitit3‘
684 655 746 697 ubi
783 656 889 697 enim
925 655 1102 698 doctrina
1137 655 1186 697 de
1219 656 1322 705 Deo,
1357 656 1407 697 ibi
1441 656 1551 697 Deus
1587 655 1708 699 adest.

452 735 476 762 «ε
509 720 652 763 cotidie
686 720 823 762 faciem
859 729 1099 771 sanctorum,
1134 729 1175 762 ut
1203 720 1428 775 adquiescas
1460 721 1708 763 sermonibus
1752 729 1775 760 5

452 851 510 891 'on
541 849 656 892 facies
684 851 893 892 schismata
925 850 1109 893 adversus
1137 858 1306 902 sanctos,
1342 850 1566 893 recordatus
1594 852 1708 894 Cori-

474 915 629 957 Pacabis
658 914 890 957 dissidentes
919 923 962 958 ut
988 916 1135 966 Moses,
1166 929 1313 971 eosque
1342 917 1382 957 in
1411 916 1620 958 amicitiam
1649 931 1708 958 re-

453 1014 455 1019 .
505 993 541 1033 3.
570 979 759 1022 Iudicabis
777 981 896 1031 iuste3
926 980 1086 1021 Domini
1103 981 1209 1022 euim
1228 989 1280 1021 est
1304 981 1495 1022 iudicium.
1543 995 1581 1033 4.
1612 981 1705 1022 Non

452 1059 618 1086 :rsonam
657 1046 696 1086 in
726 1045 929 1098 arguendo
960 1045 1008 1086 de
1036 1053 1210 1100 peccate,
1246 1053 1287 1088 ut
1315 1045 1414 1086 Elias
1444 1054 1483 1088 et
1510 1046 1706 1088 Michaeas
1732 1051 1774 1082 10

453 1118 603 1161 uerunt,
632 1109 898 1152 Abdemelech
926 1110 1120 1165 Aethiops
1148 1110 1365 1161 Sedeciam,
1394 1110 1549 1152 Nathan
1580 1110 1706 1153 David

481 1175 697 1216 Herodem.

452 1240 488 1281 le
517 1241 568 1281 sis
598 1240 739 1294 duplici
766 1241 900 1282 animo
930 1242 968 1282 in
1004 1241 1228 1295 precatione
1255 1248 1333 1291 tua,
1368 1249 1497 1282 utrum
1532 1241 1704 1284 futurum

452 1318 483 1355 ι;
520 1303 614 1346 dixit
649 1305 754 1346 enim
790 1305 989 1347 Dominus
1023 1305 1118 1346 mihi
1154 1305 1269 1346 Petro
1304 1306 1344 1345 in
1379 1306 1493 1347 mari:
1533 1306 1706 1348 Modicae

452 1383 459 1406 ε
485 1369 692 1410 dubitasti?
1730 1376 1771 1407 15

452 1434 535 1475 >101³
562 1433 611 1476 ad
631 1434 899 1489 accipiendum
925 1434 1084 1489 quidem
1111 1448 1271 1476 manum
1301 1436 1514 1488 porrigere,
1543 1436 1591 1478 ad
1612 1437 1704 1478 dan-

467 1499 713 1541 contrahere.
771 1511 794 1540 2
824 1499 955 1554 (XII).
990 1500 1030 1541 Si
1066 1499 1194 1550 habes,
1230 1499 1407 1541 manibus
1440 1502 1516 1542 tuis
1550 1502 1704 1555 praebe,

465 1564 505 1605 in
525 1563 839 1618 redemptionem
859 1573 1109 1619 peccatorum
1129 1573 1307 1616 tuorum3
1337 1565 1568 1619 eleemosynis
1597 1568 1703 1608 enim

452 1637 598 1683 gantur
617 1636 781 1683 peccata.
833 1642 867 1683 3.
897 1630 992 1671 Non
1012 1629 1200 1671 dubitabis
1227 1629 1352 1683 largiri
1374 1631 1546 1684 pauperi,
1576 1644 1703 1686 neque

452 1693 698 1744 turmurabi83
736 1707 955 1747 cognosces
992 1695 1112 1746 enim,
1151 1695 1237 1749 quis
1274 1696 1335 1745 sit,
1373 1696 1439 1749 qui
1480 1695 1703 1738 mercedem
1726 1699 1769 1730 20

452 1759 502 1799 ait
535 1759 696 1812 quippe:
737 1759 822 1812 Qui
856 1760 1049 1800 miseretur
1080 1760 1271 1814 pauperis,
1307 1759 1470 1801 Domino
1498 1761 1706 1814 faenerat,·

454 1831 555 1864 utem
575 1823 705 1864 datum
726 1823 841 1873 illius,
869 1826 922 1864 sic
941 1824 1165 1865 retribuetur
1186 1826 1230 1865 ei.
1279 1839 1316 1877 4.
1343 1824 1406 1866 Ne
1425 1833 1573 1866 avertas
1599 1833 1638 1867 te
1657 1825 1703 1867 ab

455 1934 459 1971 ἰ
482 1934 502 1965 3
526 1928 727 1974 γενάμενον
749 1931 780 1971 b,
804 1929 995 1974 γινόμενον
1017 1943 1035 1965 a
1059 1944 1079 1963 v
1099 1936 1105 1969 ι
1124 1936 1144 1965 4
1168 1929 1188 1965 ὃ
1204 1937 1248 1970 >
1266 1932 1285 1965 b
1309 1932 1328 1965 d
1351 1943 1370 1966 e
1392 1935 1395 1972 ξ
1414 1935 1436 1967 8
1459 1936 1614 1975 κοριτιῦν
1635 1932 1656 1966 d
1674 1943 1703 1974 e,

452 1983 670 2018 αταλᾰσσων
692 1996 712 2029 p
736 1997 756 2018 v
775 1988 781 2028 Ι
802 1989 843 2020 10
865 1982 970 2029 λήψει
996 1995 1015 2018 e
1036 1988 1041 2028 Ι
1063 1990 1098 2020 11
1126 1984 1329 2029 ἀβόεμελὲκ
1353 1997 1374 2030 p
1399 1998 1428 2026 v,
1452 1983 1625 2030 ἅβιμέλεχ
1647 1987 1669 2020 h
1696 1990 1699 2029 ί

452 2043 484 2073 14
505 2036 713 2081 ὀλιγόπιστε
738 2050 757 2073 a
780 2040 801 2073 d
822 2039 844 2072 h
868 2050 876 2074 :
900 2037 1095 2083 ὀλιγὸψυχε
1119 2041 1139 2072 b
1157 2041 1177 2073 d
1194 2040 1215 2073 i.
1232 2051 1276 2074 m.
1293 2050 1311 2074 e
1329 2052 1349 2083 p
1370 2052 1389 2074 v
1410 2044 1413 2082 Ι
1437 2044 1475 2075 17
1500 2041 1704 2075 συστέλλων

452 2090 520 2126 w?
543 2093 563 2125 d
584 2097 588 2135 Ι
610 2090 701 2136 ἔχεις
723 2104 742 2126 a
761 2096 767 2135 1
786 2097 824 2127 21
851 2096 964 2139 κυρίῳ
990 2106 997 2127 :
1022 2097 1100 2128 θεῶ
1124 2095 1143 2126 b
1167 2094 1188 2126 d
1211 2104 1229 2127 e

453 2221 502 2266 vv)
531 2222 614 2263 τοὺς
645 2222 737 2257 κατὰ
767 2222 923 2268 Χριστὸν
1033 2225 1073 2258 X‘.
1096 2219 1171 2259 ’Ότι
1203 2223 1272 2268 χρὴ
1306 2224 1355 2268 μὴ
1390 2224 1598 2269 ἀποσχίζειν
1631 2230 1704 2260 τῶν

466 2277 605 2321 γονέων
620 2281 746 2312 πλεῖον
762 2279 817 2321 (-Ι-
839 2290 871 2312 τι
887 2279 923 2321 a)
988 2275 1115 2322 ἁγίων,
1144 2276 1218 2313 ἀλλ’
1242 2278 1442 2323 εἰρηνεύειν
1463 2279 1702 2323 μαχομένους,

453 2331 465 2365 ὶ
494 2331 562 2373 μὲν
594 2329 663 2375 γὰρ
697 2329 737 2365 τὸ
771 2327 812 2367 εὖ
842 2333 923 2375 (τοῦ
988 2334 1126 2375 κρίνειν
1141 2345 1179 2367 τε
1203 2335 1351 2373 δικαίως
1368 2332 1491 2376 καὶμὴ
1510 2345 1701 2376 προσωπο-

452 2398 492 2427 n,
515 2385 551 2420 οἱ
574 2385 612 2420 δὲ
637 2383 678 2419 τὸ
697 2383 787 2420 εἶναι
810 2383 924 2428 μόνον
988 2390 1135 2430 ληπτεῖν
1157 2385 1248 2430 (ἀλλ’
1271 2391 1344 2421 κτλ.
1361 2393 1404 2426 >
1422 2389 1468 2430 a).
1508 2387 1611 2426 Quod
1633 2398 1701 2421 non

468 2439 572 2478 Quod
587 2445 738 2483 oporteat
755 2440 923 2474 doctrinae
988 2447 1140 2485 oporteat
1169 2451 1204 2474 se
1227 2441 1414 2485 disiungere
1438 2452 1455 2474 a
1480 2442 1610 2482 sanctis,
1643 2442 1700 2475 sed

452 2499 529 2527 ttros
553 2494 653 2537 pluris
677 2494 795 2527 ducere
823 2505 922 2539 quam
989 2494 1157 2539 pacificare
1171 2495 1407 2528 contendentes
1421 2501 1452 2528 et
1465 2495 1605 2529 iudicare
1617 2496 1700 2529 iuste

464 2547 554 2581 enim
578 2547 663 2580 bene
680 2558 763 2588 esse,
785 2549 819 2581 hi
842 2559 923 2582 vero
988 2555 1021 2582 et
1045 2559 1201 2593 personas
1223 2559 1291 2582 non
1315 2550 1472 2593 accipere.

469 2607 647 2646 praestant.
682 2620 724 2627 --
758 2601 872 2635 Codex
902 2601 923 2635 d
1032 2604 1087 2636 xl.
1109 2604 1199 2646 Περὶ
1216 2601 1368 2647 διψὺχου
1384 2599 1462 2646 ἦτοι
1478 2600 1702 2647 ὀλιγοψύχου

456 2657 566 2700 capite
595 2656 727 2689 nonnisi
757 2656 920 2690 rarissime
985 2655 1234 2700 (ὀλιγοπίστου
1265 2658 1310 2700 e).
1355 2658 1406 2690 De
1435 2657 1572 2691 homine
1600 2658 1701 2691 animi

474 2710 619 2744 exhibet.
986 2711 1123 2756 duplicis
1141 2721 1199 2744 seu
1216 2712 1304 2755 parvi
1323 2713 1489 2754 (modicae
1506 2711 1607 2755 fidei).
1646 2711 1698 2745 Cf.

986 2765 1128 2808 Ps.-1gn.
1152 2765 1229 2798 Her.
1253 2774 1284 2808 7,
1310 2775 1338 2799 1.

452 2812 490 2853 εὖ
509 2814 607 2852 εἶναι’
622 2828 681 2851 σοι
700 2818 774 2861 πμ]
796 2818 919 2852 Eadem
1031 2818 1100 2852 XII.
1119 2820 1206 2861 Περὶ
1219 2816 1391 2859 εὐποιΐας.
1411 2820 1461 2853 De
1472 2819 1699 2854 beneficentia.

452 2878 503 2906 tor
527 2882 557 2906 c.
583 2880 634 2915 31,
660 2880 678 2905 a
702 2872 833 2906 addidit.
1031 2883 1061 2906 2.
1085 2872 1136 2906 Cf.
1160 2872 1303 2917 Ps.-Ign.
1326 2874 1401 2908 Her.
1429 2883 1457 2916 5,
1481 2883 1510 2909 2.
