2457 3436
969 368 1190 397 mnascama
1219 368 1496 399 Apos'rononuu.
1905 357 1977 398 VII

590 463 817 505 Secundum
834 463 1011 505 codicem
1030 471 1217 516 veterem,
1236 472 1432 506 exaratum
1449 479 1482 506 a.
1504 478 1551 506 10
1558 467 1619 518 36,
1635 464 1663 505 I.
1680 464 1830 506 Rendel
1846 466 1976 506 Harris

482 538 612 580 nuper
632 529 672 569 in
687 529 975 583 Mesopotamia
996 529 1154 579 detexit,
1175 537 1214 571 et
1228 530 1496 584 apographum
1516 530 1598 571 libri
1615 536 1849 580 accuratum,
1869 530 1977 584 quod

491 590 565 632 sibi
591 594 838 648 comparavit,
867 594 1085 647 Margareta
1105 594 1265 648 Dunlop
1293 595 1469 636 Gibson¹
1500 594 1619 636 edidit
1643 594 1866 648 addiditque
1894 608 1976 635 ver·

501 655 643 699 sionem
672 658 874 711 anglicam.
933 658 1072 700 Codex
1103 659 1233 700 multis
1262 660 1407 701 lacunis
1437 659 1603 710 laborat3
1641 666 1793 713 praeter
1826 659 1976 712 singula

509 721 611 763 verba
636 731 671 765 et
698 724 900 777 particulas
921 724 1096 765 minores
1117 723 1248 765 deficit
1276 725 1429 766 initium
1460 723 1521 766 vel
1541 724 1742 779 inscriptio
1767 731 1804 765 et
1824 724 1853 773 1,
1880 737 1911 774 1,
1937 736 1975 774 13

516 784 559 835 u,
584 800 612 839 5,
640 791 749 841 5—6‚
785 803 824 840 1;
852 789 900 839 ΙΙ,
929 802 994 842 49,
1028 802 1177 842 3-533
1206 789 1271 840 ΠΙ,
1300 802 1365 842 ¹93
1397 790 1445 839 v,
1468 792 1505 840 6,
1527 803 1651 843 7-9;
1686 802 1746 842 14,
1774 791 1917 842 3-16‚
1938 789 1975 829 8-

523 851 633 906 Capita
658 854 707 894 VI
736 862 775 896 et
805 855 877 896 VII
906 868 988 895 non
1018 853 1146 896 solum
1178 854 1286 896 aliter
1314 869 1357 896 ac
1388 855 1581 896 Parisinus
1610 854 1784 908 disponit
1813 853 1874 894 vel
1900 862 1976 894 ter-

529 918 631 968 minat,
660 918 726 960 sed
760 920 799 959 in
836 918 905 960 hac
940 920 1117 960 sectione
1152 920 1267 960 etiam
1304 918 1485 960 ordinem
1520 919 1800 960 sententiarum
1836 918 1974 960 turbat.

534 980 673 1038 Denique
698 983 802 1038 plura
831 998 851 1024 a
881 985 1068 1038 scriptura
1096 984 1217 1025 aliena
1247 983 1414 1034 exhibet,
1450 983 1596 1025 scilicet
1623 985 1734 1025 initio
1764 983 1974 1038 prologum

537 1054 568 1087 et
586 1056 651 1101 post
676 1057 785 1102 caput
805 1049 859 1090 IV
881 1049 1072 1090 versionis
1100 1048 1162 1090 vel
1190 1056 1281 1103 post
1311 1048 1448 1090 librum
1470 1049 1487 1090 I
1512 1049 1853 1091 Constitutionum
1883 1062 1975 1102 apo·

538 1111 682 1154 stolorum
701 1114 903 1167 particulas
917 1114 1163 1156 Testamenti
1180 1114 1345 1155 Domini
1366 1115 1490 1155 nostri
1512 1114 1560 1155 de
1581 1113 1781 1154 ordinibus
1801 1120 1974 1166 agentes,

539 1175 678 1219 Canones
704 1179 985 1221 ecclesiasticos
1013 1193 1043 1221 s.
1065 1179 1349 1233 apostolorum,
1380 1179 1693 1221 constitutiones
1722 1186 1845 1232 apost.
1871 1177 1975 1228 VIII,

542 1243 813 1291 34,1‚Canones
827 1243 975 1285 Addaei
996 1244 1164 1298 apostoli
1179 1256 1244 1298 27,
1266 1244 1451 1285 Canones
1471 1243 1740 1298 apostolorum
1763 1251 1802 1284 et
1821 1250 1972 1297 patrum

540 1304 590 1355 (de
611 1309 840 1350 matrimonio
870 1309 1052 1364 agentes)
1085 1322 1148 1350 20.

615 1372 637 1413 l.
660 1374 699 1416 R.
735 1374 866 1414 Harris
902 1375 1019 1416 etiam
1054 1374 1169 1415 alium
1207 1374 1384 1415 codicem
1421 1375 1459 1414 in
1489 1373 1777 1428 Mesopotamia
1812 1372 1972 1422 invenit,

535 1432 654 1490 eiusque
675 1439 862 1480 lectiones
891 1440 1014 1479 varias
1035 1438 1186 1480 Gibson
1217 1439 1379 1480 editioni
1408 1453 1499 1479 suae
1529 1438 1686 1479 addidit.
1733 1437 1846 1478 Liber
1875 1451 1975 1478 non·

532 1495 585 1537 nisi
607 1500 849 1556 ftagmentum
881 1503 1119 1545 Didascaliae
1154 1503 1326 1554 exhibet3
1367 1504 1514 1544 maiore
1550 1518 1597 1544 ex
1632 1511 1737 1556 parte
1773 1502 1974 1557 particulas

526 1558 560 1598 ²b
582 1563 642 1608 hac
665 1571 848 1623 scriptura
878 1568 1026 1610 alienas
1049 1569 1176 1618 tradit,
1212 1570 1327 1610 etiam
1359 1568 1466 1618 duas,
1505 1582 1603 1622 quae
1632 1582 1758 1623 neque
1786 1570 1824 1608 iu
1855 1566 1974 1608 altero

521 1625 635 1673 ‘Odice
657 1633 970 1687 Mesopotamico
1002 1647 1129 1687 neque
1158 1635 1197 1674 in
1227 1633 1325 1674 libro
1354 1633 1531 1674 Parisino
1560 1631 1753 1685 leguntur.

608 1696 767 1746 Quartus
807 1697 933 1738 codex
967 1699 1005 1738 in
1040 1698 1182 1738 Museo
1220 1698 1416 1750 Borgiano
1454 1696 1611 1749 (Elenco
1644 1704 1717 1750 sep.
1747 1696 1805 1750 V)
1841 1696 1901 1737 vel
1935 1697 1973 1737 in

504 1745 722 1804 Bibliotheca
750 1761 920 1816 Collegii
939 1762 1085 1803 Urbani
1115 1762 1164 1804 de
1193 1762 1441 1817 propaganda
1471 1761 1547 1803 fide
1568 1762 1719 1804 Romae
1747 1770 1975 1804 asservatur.

495 1812 690 1867 Assemani
720 1829 759 1868 in
781 1827 1019 1869 Bibliotheca
1040 1827 1232 1869 Orientali
1251 1828 1316 1876 111,
1338 1827 1366 1877 Ι,
1394 1841 1439 1880 14
1460 1835 1543 1868 not.
1566 1839 1587 1867 2
1619 1828 1694 1867 iam
1725 1828 1805 1867 eius
1836 1828 1975 1867 menti·

490 1890 618 1930 onem
634 1891 743 1934 fecit.'
778 1893 831 1934 O.
853 1893 977 1933 Braun
1007 1893 1145 1933 librum
1176 1906 1299 1946 nuper
1328 1893 1488 1942 invenit,
1519 1904 1723 1946 postquam
1755 1891 1819 1933 diu
1850 1891 1974 1943 latuit;

485 1940 613 1992 Nau-2
645 1972 731 1998 eum
775 1958 905 2010 paucis
946 1957 1068 1998 verbis
1110 1957 1324 2012 descripsit,
1365 1956 1516 1998 Gibson
1559 1956 1747 1998 lectiones
1787 1954 1975 1998 variantes

480 2019 676 2063 notabiles
704 2023 1024 2063 communicavit.
1082 2022 1272 2064 Continet
1302 2021 1428 2062 codex
1455 2020 1535 2062 fere
1566 2021 1715 2071 eadem,
1754 2035 1852 2075 quae
1882 2021 1974 2062 liber

476 2070 696 2138 parisinux
741 2087 1029 2128 Octateuchum
1072 2086 1288 2128 Clementis
1325 2092 1454 2127 autem
1496 2087 1690 2139 integrum
1728 2085 1854 2135 tradit,
1892 2100 1974 2127 non

473 2140 623 2192 Solum
654 2152 799 2207 aliquot
828 2151 1056 2204 fragmenta,
1098 2152 1274 2206 inprimis
1302 2151 1602 2192 Testamentum
1639 2151 1802 2192 Domini
1838 2151 1974 2200 nostri,

471 2214 605 2255 quod
621 2216 732 2258 libros
752 2217 858 2258 I-—ll
879 2218 1008 2271 operis
1029 2215 1158 2258 efficit.
1207 2216 1308 2266 Nau,
1332 2218 1397 2271 qui
1417 2223 1568 2257 textum
1589 2215 1671 2256 libri
1693 2230 1780 2256 cum
1803 2215 1975 2256 editione

473 2266 726 2329 Lagardiana
756 2289 931 2323 accurate
962 2281 1138 2331 contulit,
1170 2281 1324 2322 codices
1354 2281 1568 2321 Parisinum
1601 2288 1638 2321 et
1661 2281 1898 2333 Borgianum
1930 2294 1976 2320 ex

476 2346 536 2373 ΕΟ
545 2341 632 2386 dem
652 2348 865 2401 archetypo
886 2346 1054 2396 fluxisse,
1075 2346 1182 2387 illum
1205 2353 1333 2387 autem
1356 2346 1560 2387 meliorem
1580 2359 1666 2386 esse
1685 2345 1838 2386 iudicat.
1867 2344 1976 2384 Idem

478 2410 611 2469 δ’ῗῐὶῒίῐ
642 2412 805 2461 Gibson,
840 2426 937 2466 quae
971 2411 1160 2452 lectiones
1194 2426 1215 2452 a
1250 2424 1322 2451 suo
1357 2418 1464 2451 textu
1501 2417 1539 2451 et
1575 2424 1596 2450 a
1632 2408 1767 2450 codice
1803 2409 1977 2449 Parisino

482 2461 736 2530 dwergentes
766 2477 978 2531 exscripsit.

603 2541 738 2583 Codex
767 2541 1029 2583 Bibliothecae
1058 2541 1329 2581 Universitatis
1360 2538 1689 2592 Cantabrigiensis
1721 2550 1838 2591 2023,
1877 2550 1977 2578 saec.

491 2590 598 2654 Xffl,
625 2607 898 2648 collectionem
929 2620 1125 2648 canonum
1156 2606 1376 2654 continens,
1407 2602 1473 2644 fol.
1509 2605 1720 2655 169-204
1749 2609 1928 2655 excerpta
1958 2615 1979 2642 e

498 2654 702 2712 Didascalia
739 2671 906 2721 exhibet,
946 2686 1045 2726 quae
1084 2670 1132 2712 ad
1177 2671 1366 2711 maiorem
1404 2669 1613 2722 scripturae
1654 2674 1816 2721 partem,
1858 2666 1979 2718 capita

601 2828 609 2845 ¹
634 2823 746 2856 Horae
769 2822 941 2856 Semiticae
965 2823 988 2857 1.
1034 2822 1108 2856 The
1133 2820 1317 2855 Didascalia
1342 2819 1568 2864 apostolorum
1592 2820 1624 2851 in
1648 2818 1758 2863 Syriae
1786 2825 1878 2860 1903.

602 2883 612 2900 ¹
635 2877 682 2910 La
709 2877 891 2910 Didascalie
917 2886 997 2920 1902
1023 2888 1053 2920 p.
1081 2875 1151 2910 161.
