2457 3436
1025 384 1254 413 snmmoms.
1814 376 1890 413 163

1016 480 1072 521 IV
1102 479 1280 535 (xxvm).

784 557 1037 598 Benedictio
1066 557 1505 599 catechumenorum.

517 644 546 671 1.
577 630 739 672 Manum
769 631 1027 681 extendimus,
1056 631 1244 681 Domine,
1274 639 1313 673 et
1338 646 1509 682 oramus,
1540 639 1581 673 ut
1601 646 1740 673 manus
1761 632 1891 675 divina

399 704 439 738 et
473 696 560 737 viva
595 694 824 737 extendatur
857 697 896 736 in
926 695 1242 738 benedictionem
1279 711 1395 749 super
1434 696 1537 738 hunc
1573 697 1781 751 populum3
1823 698 1892 740 tibi

400 761 522 811 enim,
551 761 720 802 increate
738 768 858 815 pater,
887 775 956 815 per
974 762 1220 815 unigenitum
1241 762 1522 804 inclinaverunt
1542 763 1682 816 capita:
1714 775 1751 804 2.
1773 762 1891 805 bene-

400 825 462 867 dic
497 827 601 867 hunc
634 825 822 880 populum
860 827 900 867 in
934 825 1250 868 benedictionem
1292 827 1534 881 cognitionis
1570 835 1608 868 et
1643 828 1807 881 pietatis,
1850 828 1892 869 in

401 890 716 932 benedictionem
747 892 1024 945 mysteriorum
1052 898 1225 941 tuorum,
1255 906 1323 946 per
1351 893 1596 945 unigenitum
1625 899 1736 933 tuum
1761 892 1891 934 Iesum

404 955 619 1006 Christum,
657 969 724 1009 per
752 970 868 1011 quem
898 955 967 997 tibi
995 956 1117 1010 gloria
1148 963 1186 997 et
1215 957 1422 1010 imperium
1453 958 1491 998 in
1521 964 1657 998 sancto
1686 958 1823 1012 spiritu
1854 964 1893 998 et

405 1034 506 1061 nunc
535 1027 573 1061 et
602 1021 642 1060 in
673 1021 805 1061 omnia
834 1021 984 1062 saecula
1012 1020 1269 1072 saeculorum,
1299 1035 1429 1063 amen.

1034 1108 1069 1148 V
1100 1107 1261 1162 (xxvn).

917 1185 1070 1227 oratio
1097 1196 1181 1235 pro
1208 1186 1386 1235 populo.

517 1273 549 1299 1.
587 1258 834 1301 Confitemur
862 1259 942 1310 tibi,
973 1260 1081 1301 Deus
1110 1260 1317 1301 hominum
1347 1274 1494 1311 amans,
1525 1267 1563 1301 et
1591 1262 1805 1315 proicimus
1835 1262 1891 1301 in-

405 1323 607 1366 firmitates
626 1331 779 1366 nostras
799 1332 838 1366 et
858 1324 1123 1378 deprecamur,
1145 1333 1185 1366 ut
1205 1324 1392 1366 fortitudo
1412 1324 1529 1366 nobis
1550 1324 1627 1367 fiat.
1670 1338 1705 1366 2.
1725 1325 1894 1380 Ignosce

404 1397 561 1442 peccata
602 1396 713 1430 antea
751 1391 960 1430 commissa
1001 1398 1039 1431 et
1075 1391 1231 1432 remitte
1267 1391 1401 1431 omnia
1442 1389 1581 1431 delicta
1617 1391 1818 1444 praeterita
1857 1398 1895 1431 et

404 1452 523 1495 redde
542 1467 654 1495 novos
672 1453 845 1495 homines.
896 1467 930 1507 3.
962 1454 1143 1496 Ostende
1163 1469 1237 1496 nos
1267 1462 1306 1496 et
1324 1469 1459 1496 servos
1479 1456 1674 1508 genuinos
1695 1462 1733 1496 et
1753 1469 1873 1510 puros
1884 1472 1894 1506 ;

404 1518 472 1560 tibi
507 1532 782 1560 consecramus
819 1533 906 1569 nos,
941 1520 1091 1574 suscipe
1126 1534 1213 1570 nos,
1249 1520 1355 1561 Deus
1389 1521 1571 1569 veritatis,
1606 1521 1758 1574 suscipe
1788 1520 1895 1561 hunc

404 1582 612 1637 populum3
640 1583 700 1634 da,
731 1591 773 1626 ut
801 1592 961 1626 cunctus
980 1585 1174 1638 genuinus
1195 1584 1280 1635 fiat3
1310 1584 1372 1635 da,
1403 1592 1444 1626 ut
1465 1592 1626 1626 cunctus
1645 1585 1894 1626 immaculate

405 1654 443 1689 et
471 1662 568 1703 pure
598 1656 868 1700 conversetur;
897 1656 1264 1691 commensurentur
1285 1648 1529 1699 caelestibus,
1560 1657 1897 1691 connumerentur

406 1712 566 1767 angelis,
596 1714 724 1755 cuncti
754 1713 864 1755 electi
894 1721 934 1755 et
962 1715 1084 1756 sancti
1116 1713 1222 1756 fiant.
1279 1729 1316 1768 4.
1353 1713 1621 1768 Deprecamur
1656 1721 1695 1755 te
1724 1727 1796 1768 pro
1826 1715 1896 1765 eis,

406 1778 472 1833 qui
507 1777 753 1821 crediderunt
786 1786 827 1820 et
859 1779 1078 1821 Dominum
1113 1779 1242 1821 Iesum
1272 1779 1473 1821 Christum
1509 1786 1773 1832 agnoverunt:
1810 1793 1896 1820 con-

398 1842 606 1897 firmentur
634 1845 671 1883 in
691 1843 772 1898 fide
800 1852 840 1886 et
866 1845 1095 1899 cognitione
1124 1852 1163 1886 et
1190 1844 1378 1886 doctrina.
1438 1857 1473 1896 5.
1509 1844 1682 1885 Oramus
1710 1858 1783 1899 pro
1812 1846 1897 1885 uni-

408 1921 523 1950 verso
554 1908 630 1949 hoc
659 1909 819 1963 populo,
859 1909 1119 1951 reconcilieris
1157 1909 1354 1960 omnibus,
1395 1907 1618 1950 manifestes
1657 1916 1709 1960 te,
1747 1909 1898 1950 reveles

406 1981 519 2014 tuum
549 1973 699 2015 lumen:
730 1982 948 2028 cognoscant
966 1983 1000 2015 te
1026 1988 1166 2015 omnes
1186 1980 1335 2029 patrem
1356 1975 1570 2015 increatum
1593 1981 1631 2014 et
1649 1974 1898 2028 unigenitum

407 2046 518 2080 tuum
548 2037 670 2079 filium
699 2039 820 2080 Iesum
842 2039 1045 2080 Christum.
1094 2041 1130 2080 6.
1160 2039 1427 2092 Deprecamur
1457 2052 1529 2094 pro
1560 2037 1742 2080 omnibus
1773 2041 1898 2092 magi-

409 2103 606 2145 stratibus:
643 2111 814 2158 pacatam
845 2105 963 2146 vitam
993 2104 1159 2145 habeant
1186 2117 1258 2158 pro
1288 2104 1421 2159 requie
1453 2103 1665 2145 catholicae
1698 2102 1897 2145 ecclesiae.

410 2181 447 2221 7.
477 2168 664 2219 Oramus,
692 2169 801 2211 Deus
830 2169 1196 2219 misericordiarum,
1225 2182 1297 2222 pro
1326 2168 1453 2209 liberis
1484 2176 1523 2209 et
1550 2169 1683 2219 servis,
1717 2168 1898 2209 masculis

410 2240 449 2274 et
483 2232 652 2284 feminis,
688 2234 844 2275 senibus
879 2241 917 2275 et
951 2235 1093 2288 pueris,
1132 2233 1362 2288 pauperibus
1397 2241 1435 2275 et
1472 2232 1671 2275 divitibus:
1716 2232 1900 2274 omnibus

409 2306 516 2340 tuam
545 2300 742 2353 propriam
771 2299 1049 2353 benignitatem
1080 2298 1245 2340 ostende
1280 2313 1324 2340 ac
1358 2306 1464 2340 tuam
1495 2299 1690 2353 propriam
1720 2298 1900 2338 humani-

409 2371 530 2405 tatem
559 2363 607 2405 ad
636 2377 778 2405 omnes
807 2363 1018 2419 protende3
1048 2364 1227 2405 omnium
1259 2364 1459 2413 miserere,
1489 2370 1527 2403 et
1557 2361 1739 2403 omnibus
1759 2361 1900 2414 largire

411 2429 713 2470 conversionem
743 2428 792 2470 ad
820 2435 871 2471 te.
919 2430 955 2471 8.
985 2430 1251 2483 Deprecamur
1280 2442 1351 2482 pro
1377 2427 1729 2482 peregrinantibus:
1760 2426 1900 2480 largire

411 2494 466 2534 eis
496 2492 679 2547 angelum
709 2495 812 2548 pacis
842 2495 1027 2536 comitem
1064 2492 1160 2544 fieri,
1196 2507 1246 2534 ne
1280 2492 1372 2548 quid
1409 2491 1632 2534 detrimenti
1663 2505 1684 2532 a
1713 2492 1900 2545 quopiam

411 2689 500 2718 man,
519 2678 679 2721 Litargies
695 2678 720 2719 1,
740 2688 815 2723 ¹193
832 2678 893 2712 Lit.
906 2678 1014 2712 Iacob.
1034 2684 1120 2722 copt.
1189 2679 1255 2720 (ed.
1279 2677 1401 2711 Bened.
1425 2677 1449 2717 1,
1473 2675 1538 2716 614
1555 2675 1600 2718 C)
1623 2682 1654 2708 et
1679 2675 1717 2708 In
1733 2675 1870 2708 Ascens.
1888 2675 1902 2707 1

412 2733 453 2765 ib.
477 2743 509 2776 p.
535 2741 699 2776 157—593
723 2741 795 2766 22¹.
1190 2731 1247 2774 (11,
1270 2732 1333 2772 448
1355 2731 1420 2775 D);
1454 2731 1487 2764 in
1515 2729 1625 2763 officio
1654 2729 1841 2773 vespertino
1864 2739 1901 2761 ac

456 2787 486 2819 8.
505 2782 663 2830 ἄγγελον
678 2784 873 2830 εἰρηνικόν]
886 2786 1018 2830 Angelo
1036 2787 1124 2830 pacis
1189 2786 1351 2819 matutino
1381 2784 1522 2818 Constit.
1552 2789 1655 2827 apost.
1678 2782 1765 2823 v111,
1793 2782 1841 2825 36,
1869 2793 1903 2823 33

414 2842 446 2873 in
458 2842 607 2875 oratione
623 2851 683 2885 pro
694 2840 842 2875 fidelibus
859 2842 970 2874 locum
982 2841 1123 2875 attribuit
1193 2840 1242 2882 38,
1269 2849 1295 2882 3.

414 2896 513 2928 etiam
537 2894 797 2940 chrysostomus
819 2895 903 2928 Adv.
926 2894 994 2928 Iud.
1028 2894 1080 2936 111,
1104 2893 1126 2927 6

1714 2946 1774 2979 11*

1919 1267 1961 1296 10

1923 1591 1961 1620 15

1921 1913 1965 1943 20

1923 2236 1966 2267 25
