2457 3436
468 349 587 392 XXII
1074 362 1357 393 muranum.

468 458 644 499 Zonarae
672 459 712 498 in
742 458 929 500 Canones
958 457 1229 512 apostolorum
1268 466 1307 500 et
1340 458 1598 501 conciliorum
1635 473 1674 513 p.
1703 460 1966 513 814—1044,

468 523 623 565 Parisiis
653 524 770 572 1618,
804 522 958 564 Labbe
991 524 1029 564 in
1066 531 1180 565 torno
1215 523 1233 564 I
1268 523 1525 565 Collectionis
1558 538 1652 565 suae
1687 524 1965 575 conciliorum,

468 588 621 629 Parisiis
652 590 766 638 1662,
796 589 1022 629 Whiston
1043 589 1083 628 in
1102 588 1304 629 volumine
1323 588 1498 630 secundo
1517 589 1661 642 operis,
1691 589 1799 643 quod
1828 589 1966 631 inscri-

467 653 571 695 bitur
606 653 851 707 Christianity
884 653 1041 703 reviv’d,
1077 652 1247 694 Londini
1279 666 1394 706 1711,
1429 653 1458 694 Ι.
1495 653 1546 694 D.
1582 653 1734 695 Mansi
1772 655 1811 695 in
1848 661 1965 696 tomo

468 719 598 772 primo
620 718 875 759 Collectionis
895 718 1166 769 conciliorum,
1186 717 1392 760 florentiis
1416 731 1531 771 1759.
1577 718 1606 760 Ι.
1625 718 1669 760 Β.
1691 718 1964 761 Cotelerius

467 783 508 824 in
545 791 659 824 tomo
694 784 825 837 priore
861 783 1043 825 editionis
1078 797 1243 837 operum
1278 783 1435 824 Patrum
1471 783 1778 837 apostolicorum
1814 798 1961 826 novam

469 849 696 889 versionem
729 847 885 889 latinam
924 848 1088 889 instituit
1122 855 1162 889 et
1198 848 1525 889 commentarium
1563 847 1870 890 eruditissimum
1898 847 1963 890 ad·

469 912 581 964 didit,
617 913 770 954 Parisiis
805 915 918 966 1672.
976 912 1212 963 Clericus,
1250 913 1314 967 qui
1349 912 1427 954 hoc
1461 926 1561 966 opus
1588 913 1647 954 bis
1673 913 1961 955 Amstelodami

466 978 622 1027 recusit,
651 992 685 1019 a.
720 978 820 1027 1698
851 984 890 1018 et
919 991 952 1017 a.
988 989 1103 1030 1724,
1133 978 1173 1017 in
1203 977 1374 1019 editione
1402 976 1520 1019 altera
1549 977 1603 1032 (a.
1631 977 1755 1032 1724)
1784 978 1826 1019 in
1856 978 1959 1019 notis

467 1042 658 1084 lectiones
675 1043 797 1083 varias
816 1041 997 1083 codicum
1018 1041 1391 1083 Vindobonensium
1415 1043 1627 1096 exscripsit,
1653 1056 1824 1098 quorum
1846 1041 1958 1083 colla-

465 1108 620 1149 tionem
642 1106 860 1149 Guilelmus
887 1107 1202 1161 archiepiscopus
1221 1106 1512 1148 Cantuariensis
1532 1108 1566 1148 ei
1586 1108 1957 1159 communicaverat,

467 1179 616 1213 textum
645 1182 776 1213 autem
796 1171 979 1213 Turriani
1007 1172 1091 1225 ipse
1119 1185 1277 1226 quoque
1306 1172 1491 1213 intactum
1521 1172 1686 1227 reliquit.
1734 1172 1957 1215 Editionem

467 1237 609 1278 Clerici
638 1237 797 1278 alteram
826 1237 981 1290 repetiit
1009 1238 1057 1277 A.
1087 1235 1308 1277 Gallandi
1336 1237 1376 1277 in
1405 1245 1519 1278 tomo
1547 1237 1665 1278 tertio
1692 1237 1955 1279 Bibliothecae

466 1309 643 1343 veterum
673 1309 838 1355 patrum,
875 1301 1052 1342 Venetiis
1086 1303 1201 1355 1767,
1236 1315 1357 1355 pauca
1384 1308 1535 1343 tantum
1565 1316 1613 1343 ex
1640 1301 1956 1344 adnotationibus

466 1368 668 1417 omittens,
709 1373 746 1407 et
780 1366 809 1407 Ι.
841 1366 882 1407 Β.
913 1366 977 1407 Mi
985 1379 1075 1419 gne
1108 1367 1148 1407 in
1183 1373 1298 1407 tomo
1333 1366 1462 1419 primo
1497 1366 1742 1420 Patrologiae
1782 1380 1956 1420 graecae,

467 1432 619 1473 Parisiis
654 1432 767 1484 1857.

573 1496 730 1537 Novam
770 1503 898 1536 textus
938 1496 1067 1548 graeci
1102 1497 1375 1537 recensionem
1412 1496 1576 1537 instituit
1610 1496 1731 1537 Guil.
1766 1489 1957 1546 Ultzen,

467 1561 623 1602 Suerini
653 1570 691 1602 et
720 1560 925 1603 Rostochii
959 1561 1073 1613 1853.
1131 1560 1206 1602 Cui
1235 1561 1312 1602 hoc
1346 1560 1418 1602 fuit
1452 1562 1694 1615 popositum,
1732 1568 1776 1602 ut
1807 1568 1957 1603 textum

466 1626 679 1680 vulgatum,
714 1626 871 1667 sublatis
907 1626 1122 1667 innumeris
1152 1625 1307 1667 mendis
1342 1626 1574 1677 editionum,
1609 1640 1703 1681 quas
1731 1634 1957 1680 paraverant

467 1692 643 1733 Clericus
673 1705 706 1732 a.
733 1703 835 1744 1724
855 1698 894 1731 et
921 1690 1049 1731 Mansi
1078 1705 1249 1746 quasque
1279 1705 1326 1732 ex
1354 1691 1550 1732 veteribus
1577 1691 1679 1733 solas
1709 1692 1747 1731 in
1779 1691 1955 1733 manibus

466 1756 641 1806 habebat,
671 1754 850 1796 codicum
883 1757 1235 1809 manuscriptorum
1266 1770 1354 1796 cum
1386 1756 1657 1797 Patisiensium
1686 1763 1773 1797 tum
1802 1756 1955 1798 Vindo-

466 1820 716 1870 bonensium,
753 1834 921 1875 quorum
960 1820 1148 1862 lectiones
1183 1820 1303 1862 editio
1334 1820 1475 1862 Clerici
1510 1821 1582 1874 ipsi
1610 1819 1885 1874 suppeditavit,
1921 1828 1958 1862 et

465 1887 720 1940 interpretum
751 1885 898 1926 auxiliis
926 1885 974 1925 ad
995 1899 1080 1926 eam
1100 1884 1269 1926 formam
1296 1885 1503 1938 redigeret,
1533 1886 1642 1927 cuius
1660 1892 1781 1927 testes
1800 1885 1955 1939 plurimi

466 1958 506 1992 et
534 1951 698 1992 minime
726 1951 896 2005 suspecti
924 1951 1172 2000 exsisterent3
1209 1950 1349 1991 deinde
1379 1957 1422 1992 ut
1450 1951 1505 1991 eis
1534 1950 1644 2000 locis,
1673 1964 1842 2004 quorum
1874 1964 1957 1992 cor·

465 2016 614 2069 ruptela
643 2014 745 2056 nulla
772 2016 1001 2056 auctoritate
1031 2016 1292 2068 castigaretur,
1328 2016 1552 2056 coniectura
1586 2015 1647 2056 vel
1676 2014 1869 2056 Cotelerii
1896 2015 1957 2056 vel

465 2095 533 2121 sua
563 2080 786 2121 mederetur
806 2079 865 2133 (p.
887 2080 1022 2121 XXIV
1043 2080 1136 2134 sq.).
1186 2080 1334 2122 Revera
1362 2087 1515 2121 textum
1545 2079 1677 2121 multis
1696 2079 1794 2121 locis
1822 2093 1958 2121 emen-

464 2145 582 2195 davit,
621 2146 798 2199 inprimis
838 2145 955 2186 verba
998 2146 1036 2186 in
1078 2145 1250 2186 editione
1293 2145 1466 2199 principe
1504 2145 1556 2186 ob
1599 2144 1956 2186 homoeoteleuton

464 2211 624 2261 omissa,
654 2210 852 2252 codicibus
880 2217 1008 2251 autem
1040 2210 1416 2251 Vindobonensibus
1444 2209 1581 2252 tradita
1609 2210 1813 2263 recipiens,
1855 2208 1957 2251 haud

464 2289 562 2317 vero
591 2276 734 2329 pauciS,
770 2274 896 2316 codici
924 2274 1226 2316 Vindobonensi
1256 2275 1464 2316 recentiori
1494 2275 1654 2316 nimiam
1684 2274 1955 2316 auctoritatem

464 2339 650 2391 tribuens,
680 2339 916 2381 deteriorem
938 2339 1115 2381 reddidit.
1164 2339 1366 2380 Praeterea
1386 2339 1577 2381 lectiones
1602 2339 1784 2380 codicum
1804 2338 1957 2381 Vindo-

464 2405 699 2447 bonensium
730 2419 777 2445 ex
807 2404 980 2446 editione
1010 2404 1151 2446 Clerici
1181 2404 1440 2445 transcribens
1470 2405 1697 2458 saepissime
1725 2404 1878 2446 erravit.

572 2470 714 2511 Postea
742 2483 824 2510 rem
854 2483 1059 2522 aggressus
1088 2476 1148 2510 est
1168 2469 1209 2510 P.
1231 2469 1430 2510 Botticher
1449 2468 1509 2509 vel
1529 2469 1571 2509 P.
1591 2470 1639 2510 A.
1659 2468 1709 2510 de
1727 2468 1956 2523 Lagarde,

463 2548 543 2589 quo
573 2535 738 2575 nomine
764 2535 823 2575 vir
851 2534 991 2576 doctus
1020 2541 1177 2575 nostrae
1197 2534 1313 2575 aetati
1337 2535 1462 2587 magis
1482 2541 1601 2575 notus
1621 2540 1692 2575 est.
1740 2533 1849 2575 Duas
1878 2533 1956 2575 edi·

462 2600 593 2640 tiones
622 2599 779 2652 paravit.
828 2599 975 2649 Priore,
1004 2612 1119 2653 quam
1151 2598 1243 2640 Chr.
1272 2598 1319 2640 C.
1348 2598 1377 2639 Ι.
1399 2598 1447 2640 de
1466 2598 1655 2640 Bunsen
1684 2599 1725 2639 in
1754 2598 1957 2640 volumine

463 2664 742 2704 Analectorum
764 2664 1123 2704 Antenicaenorum
1154 2662 1329 2704 secundo
1358 2663 1526 2705 Londini
1556 2678 1590 2704 a.
1618 2664 1719 2717 1854
1737 2663 1956 2717 publicavit,

385 2738 391 2744 ⁴
463 2741 514 2769 eo
543 2727 701 2782 quidem
731 2728 881 2781 optime
911 2729 1071 2769 meritus
1092 2736 1162 2778 est,
1192 2727 1299 2783 quod
1320 2742 1376 2778 ea,
1406 2742 1504 2783 quae
1524 2729 1695 2770 auctoris
1715 2727 1955 2770 Didascaliae

463 2806 639 2847 quaeque
668 2792 955 2846 interpolatoris
984 2799 1087 2845 sunt,
1116 2793 1250 2834 litteris
1279 2792 1609 2835 discernebantur.
1666 2793 1818 2834 Textus
1847 2807 1955 2844 vero,

461 2857 650 2911 quoniam
687 2857 813 2899 editor
847 2857 1046 2899 codicibus
1080 2859 1229 2911 graecis
1265 2857 1468 2900 destitutus
1502 2858 1674 2899 versioni
1709 2857 1882 2900 arabicae
1917 2865 1957 2900 et
