2457 3436
586 431 798 483 videbatur,
841 440 878 473 at
921 430 1098 473 nondum
1145 431 1417 486 publicandum
1463 438 1555 473 erat.
1612 431 1761 473 Eodem
1803 445 1908 472 anno
1948 433 2076 472 versio

588 496 803 538 Didascalia
833 496 947 538 latina
976 505 1087 538 vetus
1116 497 1273 538 inventa
1294 504 1408 551 atque
1429 511 1533 537 anno
1560 509 1662 548 1900
1682 496 1841 537 demum
1874 496 1972 538 edita
1994 496 2075 537 fuit.

588 562 698 602 Brevi
736 569 826 615 post
864 562 912 602 de
948 561 1120 603 editione
1155 560 1395 602 Didascaliae
1433 562 1603 616 syriacae
1638 560 1835 602 codicibus
1877 561 2075 615 hucusque

587 627 797 680 incognitis
838 627 1003 681 paranda
1047 628 1231 668 certiores
1275 626 1362 667 facti
1405 641 1553 667 sumus,
1624 626 1739 675 Quae
1779 626 1946 667 subsidia
1987 641 2073 667 cum

589 690 797 744 neglegere
827 691 988 741 nollem,
1017 691 1091 742 alii,
1122 705 1288 746 quorum
1320 692 1481 732 nomina
1501 692 1540 732 in
1562 691 1859 744 prolegomenis
1889 693 2075 741 invenies,

587 756 843 797 Didascaliam
879 756 1155 798 transferentes
1193 757 1231 797 in
1268 770 1493 798 sermonem
1532 758 1664 798 tritum
1705 756 1764 797 vel
1802 757 2075 806 recentiorem,

586 821 731 863 scilicet
746 821 939 875 gallicum,
957 822 1165 875 anglicum,
1181 822 1463 875 germanicum,
1481 835 1544 863 me
1560 821 1868 875 praeveniebant.
1890 823 2074 862 Attamen

587 887 809 927 versionem
840 901 969 927 meam
1000 887 1155 928 latinam
1187 885 1318 928 multis
1348 893 1567 940 exoptatam
1599 885 1682 927 fore
1712 887 1960 940 speraverim.

696 951 797 993 Cum
829 951 923 993 liber
941 951 1032 992 VIII
1053 951 1392 993 Constitutionum
1423 951 1662 992 abbreviatus
1692 964 1735 991 ac
1765 951 1959 1005 paululum
1991 966 2075 991 mu-

586 1024 685 1057 tatus
714 1016 896 1066 tradatur,
928 1017 1043 1058 etiam
1074 1016 1135 1057 hic
1165 1025 1292 1058 textus
1322 1016 1496 1058 edendus
1527 1017 1639 1071 eique
1671 1024 1822 1057 ceterae
1851 1016 2074 1069 scripturae,

586 1095 679 1135 quas
708 1081 893 1123 volumen
930 1082 1043 1123 huius
1081 1082 1210 1137 operis
1239 1081 1401 1134 alterum
1438 1081 1723 1136 complectitur,
1758 1079 1959 1122 addendae
1990 1095 2075 1121 esse

587 1146 682 1186 mihi
710 1145 948 1187 videbantur.

694 1211 890 1265 Superest,
930 1218 971 1252 ut
1006 1211 1267 1262 Bibliothecis,
1303 1226 1400 1266 quae
1436 1211 1590 1253 codices
1626 1225 1718 1252 suos
1755 1211 1850 1251 mihi
1886 1211 2075 1251 miserunt

587 1284 650 1317 aut
678 1275 896 1317 facultatem
929 1290 998 1317 eos
1028 1276 1256 1329 inspiciendi
1284 1276 1487 1326 dederunt,
1517 1283 1632 1330 atque
1653 1276 1742 1317 viris
1763 1275 1901 1325 doctis,
1931 1276 1995 1329 qui
2025 1274 2073 1315 de

586 1339 797 1391 codicibus,
833 1339 880 1382 ad
909 1355 1009 1396 quos
1037 1341 1133 1383 mihi
1162 1340 1286 1383 aditus
1317 1355 1398 1383 non
1429 1341 1593 1396 patebat,
1623 1355 1688 1382 me
1722 1341 1985 1381 instruxerunt
2013 1339 2075 1380 vel

586 1406 660 1446 alio
690 1405 814 1446 modo
842 1405 1084 1456 adiuverunt,
1115 1407 1254 1460 gratias
1283 1420 1395 1460 agam
1426 1407 1625 1446 maximas.

692 1524 909 1566 TussmGAE
938 1538 1074 1566 mense
1104 1524 1323 1578 Septembri
1352 1524 1636 1566 MDCCCCV.

1696 1724 1745 1760 F.
1774 1724 1826 1760 X.
1857 1723 1968 1759 FUN
1971 1724 2018 1759 K.
