2457 3436
679 382 998 413 coxs‘mmmnns
1025 383 1291 413 APOSTOLORUM
1319 384 1359 418 11,
1388 386 1440 423 59,
1463 385 1581 423 4-60‚
1605 387 1634 418 3.
1829 377 1905 415 173

459 475 613 530 ἡμέρα
651 483 731 520 τοῦ
764 479 969 529 σαββάτου
1001 482 1068 520 καὶ
1105 479 1150 521 ἐν
1185 484 1238 531 τῇ
1271 485 1349 521 τοῦ
1382 483 1527 532 κυρίου
1564 477 1826 533 ἀναστασίμῳ
1852 488 1910 535 τῇ

453 548 571 596 taxi,
603 545 942 596 σπουδαιοτέρως
969 543 1192 594 ἀπαντᾶτε,
1228 543 1346 586 αἶνον
1375 544 1687 598 ἀναπέμποντες
1722 551 1786 599 τῷ
1814 551 1903 600 θεῶ

460 608 708 662 ποιήσαντι
726 609 781 651 τὰ
798 605 874 651 ὅλα
891 609 959 651 διὰ
976 605 1107 669 Ἰησοῦ
1127 611 1194 651 καὶ
1219 606 1349 651 αὐτὸν
1368 612 1425 659 εἰς
1448 608 1553 663 ἡμᾶς
1571 602 1902 662 ἐξαποστείλαντι

490 673 819 727 συγχωρήσαιτε
849 679 1007 716 παθεῖν
1034 676 1103 717 καὶ
1130 674 1178 716 ἐκ
1210 680 1373 727 νεκρῶν
1405 675 1692 729 α’ναστήσαντι.
1749 691 1787 730 4.
1816 677 1901 719 ἐπεὶ

452 735 772 793 &sozomenes
803 745 868 792 τῷ
895 744 986 793 θεῷ
1014 738 1037 781 ὁ
1072 740 1127 793 μὴ
1156 741 1447 793 συνερχόμενος
1481 742 1527 782 ἐν
1559 743 1655 793 τῇδε
1695 745 1745 794 τῇ
1775 740 1902 797 ἡμέρᾳ
1945 750 1966 782 5

452 805 571 847 »ὕειν
591 808 674 847 τοῦ
692 807 896 858 σωτηρίου
922 806 1015 857 περὶ
1042 808 1114 858 τῆς
1133 800 1395 855 ἀναστάσεως
1414 805 1540 859 λόγου
1546 822 1560 855 ;
1593 806 1639 848 ἐν
1663 800 1688 858 ᾗ
1707 808 1775 847 καὶ
1794 815 1901 859 τρεῖς

452 869 519 921 ςᾶς
539 868 724 918 ἑστῶτες
739 869 1005 923 ἐπιτελοῦμεν
1017 869 1173 923 μνήμης
1186 870 1305 922 χάριν
1319 874 1396 912 τοῦ
1414 869 1481 912 διὰ
1496 876 1628 923 τριῶν
1645 870 1901 920 ἀναστάντος

452 940 582 988 *0⁰3⁹-
613 937 661 976 ὲν
687 924 713 987 ἦ
742 937 977 994 HQffiv
1004 934 1239 987 α’νάγνωσις
1266 938 1335 977 καὶ
1356 933 1604 989 Εὖαγγελίου
1632 939 1804 990 κηρυκία
1831 939 1900 978 καὶ

452 1004 548 1049 σίας
577 997 772 1052 ἀναφορὰ
797 1002 865 1041 καὶ
894 1005 1051 1053 τροφῆς
1079 1000 1186 1053 ἱερᾶς
1215 1001 1361 1053 δωρεά.

504 1064 598 1106 Lx.
641 1067 740 1113 Πῶς
772 1067 816 1106 δὲ
850 1064 904 1106 ου’
935 1068 1130 1118 πολέμιος
1164 1070 1270 1107 θεοῦ
1306 1063 1329 1107 ὃ
1355 1068 1446 1119 περὶ
1482 1065 1534 1107 τὰ
1566 1065 1798 1118 πρόσκαιρα
1823 1067 1899 1119 μὲν
1924 1074 1966 1106 10

452 1145 530 1172 eta
559 1131 634 1172 καὶ
650 1130 748 1183 μεθ’
764 1128 920 1184 ἡμέραν
938 1130 1193 1183 σπουδάζων,
1223 1136 1313 1172 τῶν
1331 1132 1373 1173 δὲ
1394 1131 1576 1172 αἰωνίων
1605 1129 1789 1182 α’μελῶν,·
1831 1133 1898 1172 καὶ

452 1200 599 1247 πρῶν
614 1196 691 1247 μὲν
707 1197 776 1236 καὶ
793 1197 1047 1249 προσκαίρου
1064 1199 1221 1249 τροφῆς
1239 1194 1410 1249 ἑκάστης
1426 1194 1785 1249 μεταποιούμενος,
1809 1201 1897 1238 τῶν

463 1256 533 1301 ἀεὶ
550 1260 813 1312 παραμόνων
831 1259 911 1301 ούκ
939 1259 1302 1314 ἐπιστρεφόμενος;
1342 1265 1434 1309 πῶς
1453 1262 1497 1302 δὲ
1516 1259 1606 1314 ούχὶ
1633 1262 1703 1302 καὶ
1721 1265 1800 1302 νῦν
1818 1261 1901 1313 ἐρεῖ

452 1325 676 1377 τοιούτω
703 1340 726 1366 ο
755 1324 915 1378 κύριος·
944 1324 1161 1375 »Ἑδικαιιό
1247 1325 1300 1367 τὰ
1329 1325 1381 1367 ἔθ
1451 1323 1555 1378 ὑπὲρ
1583 1324 1729 1378 ὐμᾶς“,
1758 1324 1897 1377 ὥσπερ

452 1393 462 1430 ἰ
499 1390 586 1443 τὴν
616 1388 869 1469 Ἱερουσαλὴμ
905 1389 1116 1467 ὀνειδίζων
1149 1390 1300 1444 ἔλεγεν·
1336 1391 1616 1445 ,,Ὲδικαια5θη
1648 1390 1817 1467 Σόδομα
1850 1391 1897 1431 ὲκ
1922 1398 1961 1429 15

452 1459 527 1503 ΰ“;
572 1467 611 1496 2.
638 1456 674 1496 εἰ
698 1455 776 1509 γὰρ
794 1454 849 1496 τὰ
865 1454 969 1509 ἔθνη
988 1453 1062 1507 ἐξ
1048 1454 1183 1498 ύπνου
1201 1454 1345 1497 αὐτῶν
1364 1454 1466 1498 καθ’
1481 1454 1634 1511 ἡμέραν
1659 1452 1897 1498 ἀναστάντα

452 1509 535 1572 έχ-ἷι
561 1521 629 1561 ἐπὶ
646 1519 697 1562 τὰ
715 1521 865 1562 εἴδωλα
883 1525 963 1563 τοῦ
990 1520 1201 1574 λατρεύειν
1220 1519 1374 1571 αὐτοῖς,
1404 1523 1471 1563 καὶ
1490 1521 1573 1574 πρὸ
1591 1520 1749 1569 παντὸς
1775 1521 1896 1574 ἔργου

452 1587 473 1626 1
505 1585 641 1639 πάσης
671 1585 858 1638 πράξεως
890 1589 1063 1638 πρῶτον
1094 1582 1234 1635 αὐτοῖς
1267 1586 1578 1639 προσεύχονται,
1620 1587 1689 1627 καὶ
1724 1585 1769 1627 ἐν
1805 1594 1897 1634 ταῖς

452 1658 568 1703 ρταῐς
595 1652 660 1691 καὶ
686 1650 733 1692 ἐν
759 1658 851 1700 ταῖς
877 1651 1152 1705 πανηγύρεσιν
1175 1648 1318 1694 αὐτῶν
1345 1667 1422 1693 ουκ
1451 1648 1760 1704 άφυστεροῦσιν,
1790 1647 1895 1692 ἀλλὰ

452 1714 681 1768 ολάζουσιν,
714 1714 791 1768 οὐχ
825 1715 865 1758 οἱ
897 1718 1062 1758 τοπικοὶ
1088 1717 1232 1769 μόνον,
1268 1716 1371 1758 ἀλλὰ
1401 1718 1470 1758 καὶ
1503 1716 1544 1758 οἱ
1577 1715 1802 1769 πόρρωθεν
1836 1717 1894 1757 οἱ·
1916 1722 1959 1754 20

452 1784 591 1831 κ’)ντες,
622 1782 688 1822 καὶ
720 1780 768 1822 ἐν
800 1789 888 1829 τοῖς
922 1782 1116 1835 θεάτροις
1148 1780 1290 1823 αὐτῶν
1324 1779 1381 1830 ῶς
1414 1781 1460 1823 ἐν
1495 1786 1711 1834 συναγωγῇ
1743 1779 1895 1830 πάντες

452 1847 682 1897 ινέρχονται·
728 1858 764 1899 3.
797 1842 949 1899 ὁμοίως
976 1849 1045 1888 καὶ
1073 1846 1112 1889 οἱ
1137 1847 1270 1901 μάτην
1298 1846 1505 1900 λεγόμενοι
1521 1843 1707 1889 Ἰουδαῖοι
1736 1842 1830 1888 καθ’
1852 1846 1894 1897 ἓξ

452 1912 554 1962 ιιέρας
581 1910 798 1965 ἀργοῦντες
824 1917 879 1963 τῇ
912 1910 1059 1965 ἑβδόμῃ
1086 1909 1212 1966 ἡμέρᾳ
1239 1914 1425 1954 συνίασιν
1459 1913 1515 1961 εἷς
1541 1912 1618 1965 τὴν
1652 1911 1892 1965 συναγωγὴν

452 1971 561 2026 υτῶν,
589 1975 784 2018 οὐδέποτε
813 1975 1141 2029 παραφίοντες’“
1118 1994 1142 2031 η
1169 1981 1497 2030 παραμελοῦντες
1526 1975 1623 2019 οὔτε
1653 1982 1725 2030 τῆς
1754 1973 1893 2030 ἀργίας

453 2038 551 2081 ὗτῶν
577 2040 667 2083 οὔτε
693 2046 768 2096 τῆς
797 2047 1036 2096 συναγωγῆς
1063 2038 1218 2092 αὐτῶν,
1257 2042 1296 2084 οὶ
1323 2047 1397 2096 τῆς
1427 2041 1637 2095 δυνάμεως
1664 2046 1740 2083 τοῦ
1768 2041 1892 2096 λόγου
1915 2048 1957 2079 25

452 2119 466 2143 v
488 2109 532 2158 τῇ
558 2105 718 2162 ἀπιστίᾳ
745 2103 889 2148 αὐτῶν
924 2109 1190 2157 κενωθέντες,
1224 2108 1393 2160 προσέτι
1421 2107 1471 2161 δὴ
1505 2109 1573 2149 καὶ
1602 2101 1653 2149 οὖ
1691 2106 1894 2160 ὀνόματος

452 2170 577 2219 αυτούς
609 2175 806 2214 καλοῦσιν
834 2167 979 2214 Ἰούδα·
1010 2169 1163 2220 Ἰούδας
1192 2172 1269 2225 γὰρ
1303 2171 1589 2227 ἐξομολόγησις
1622 2171 1893 2227 ἑρμηνεύεται,

454 2228 526 2276 {wc
551 2238 589 2278 δὲ
610 2236 687 2278 ουἰι
714 2238 819 2279 εἰσὶν
838 2237 1201 2290 ἐξομολογούμενοι
1229 2241 1317 2291 θεῷ
1344 2237 1395 2279 τὸ
1416 2236 1589 2292 πάθημα
1616 2243 1695 2279 τοῦ
1715 2241 1893 2290 Χριστοῦ

520 2359 555 2389 15
575 2355 691 2390 Ezech.
719 2356 769 2395 16,
795 2364 847 2398 51.
875 2365 925 2397 52.

453 2458 631 2503 ’κστᾰσειος
651 2475 673 2507 p
698 2475 718 2496 v
737 2465 743 2506 Ι
764 2465 850 2507 περὶ
877 2467 915 2504 -Ι-
932 2467 996 2499 τοῦ
1020 2474 1041 2497 0
1062 2466 1066 2505 Ι
1086 2465 1162 2507 τρὶς
1184 2475 1202 2498 a
1222 2465 1227 2507 Ι
1247 2468 1266 2499 7
1292 2463 1445 2503 ἑστῶτες
1468 2468 1513 2503 >
1529 2475 1550 2497 o
1571 2466 1575 2505 Ι
1597 2467 1652 2505 778
1675 2459 1895 2501 ἀναστάντος

453 2519 548 2556 μερῶν
564 2531 602 2548 x,
619 2529 640 2562 p
658 2530 678 2551 v
698 2530 702 2559 Ι
723 2520 746 2553 8
764 2511 785 2560 ἧ
810 2522 847 2558 -Ι-
872 2519 933 2551 καὶ
949 2519 969 2551 b
987 2529 1008 2552 o
1029 2519 1032 2558 Ι
1053 2515 1277 2561 ἀναγνώσεις
1299 2519 1319 2551 b
1342 2529 1363 2552 ο
1388 2530 1408 2562 p
1433 2530 1452 2550 ν
1473 2521 1476 2560 Ι
1499 2515 1722 2561 εὐαγγελίων
1744 2517 1764 2549 b
1787 2526 1808 2549 ο
1831 2516 1862 2548 Α
1890 2518 1894 2558 Ι

453 2566 573 2610 “pidia
594 2572 623 2612 b,
646 2573 842 2614 κυρεικυία
867 2582 889 2605 0
910 2573 916 2614 Ι
945 2576 982 2607 11
1009 2569 1141 2608 νύκταν
1164 2574 1183 2606 b
1206 2583 1228 2606 o
1249 2574 1254 2617 Ι
1272 2570 1357 2615 μεθ’
1379 2578 1423 2612 >
1447 2573 1467 2605 b
1492 2583 1512 2605 o
1537 2583 1556 2616 p
1581 2583 1600 2603 v
1619 2572 1624 2613 Ι
1646 2574 1717 2605 τῶν
1740 2569 1779 2604 δέ
1803 2582 1810 2603 z
1834 2572 1896 2603 καὶ

452 2622 544 2658 ὅνδο
560 2627 567 2666 Ι
587 2629 626 2660 12
642 2627 877 2670 προσκαίρου
890 2631 935 2665 >
948 2626 968 2660 b
986 2637 1007 2660 o
1025 2628 1030 2670 Ι
1053 2623 1207 2671 ἑκάστης
1225 2631 1262 2668 -Ι-
1278 2623 1412 2671 ἡμέρας
1430 2627 1449 2659 b
1465 2636 1486 2659 o
1506 2628 1512 2668 Ι
1532 2621 1832 2669 περιποιούμενος
1849 2634 1870 2657 o
1889 2626 1892 2666 Ι

452 2677 738 2721 Ιπσριιμειίιῖντιυν
757 2681 777 2714 b
793 2690 816 2714 0
834 2691 854 2724 p
875 2684 881 2722 Ι
903 2677 1213 2724 ἐπιστρεφόμενος
1230 2692 1238 2714 :
1255 2677 1537 2723 ἐπιμελούμενος
1555 2681 1575 2713 b
1591 2690 1613 2713 ο
1633 2681 1637 2719 Ι
1657 2676 1687 2713 ‹5’
1705 2690 1733 2719 a,
1749 2684 1793 2719 >
1810 2680 1829 2712 b
1847 2690 1868 2712 0
1889 2684 1892 2722 Ι

453 2752 454 2755 ¹
473 2728 551 2776 ὑπὲρ
572 2730 664 2778 ἡμᾶς
685 2733 733 2769 τὰ
759 2731 853 2777 ἔθνη
879 2734 899 2767 b
916 2744 937 2767 ο
957 2737 961 2773 Ι
984 2738 1024 2769 16
1047 2732 1168 2770 αὐτῶν
1185 2733 1224 2776 ἐξ
1239 2729 1353 2770 ῧπνου
1369 2746 1389 2778 p
1408 2746 1428 2766 v
1449 2737 1453 2775 Ι
1473 2731 1558 2768 καθ’
1575 2738 1613 2774 4
1634 2730 1789 2777 ἑκάστην
1809 2734 1829 2766 b
1847 2744 1868 2767 0
1888 2736 1891 2773 Ι

471 2782 669 2832 ὃστεροῦσιν
692 2789 727 2829 h,
753 2786 1025 2831 ἀποστεροῦσιν
1047 2800 1067 2834 p
1091 2800 1112 2821 v
1132 2791 1136 2830 Ι
1156 2792 1197 2823 21
1221 2786 1344 2829 αὐτοῖς
1366 2789 1386 2823 b
1403 2799 1424 2822 o
1444 2791 1449 2830 Ι
1468 2791 1511 2823 28
1533 2791 1576 2831 τῆ
1592 2784 1707 2831 ἡμέρα
1723 2788 1779 2830 (4-
1799 2791 1841 2830 τῆ
1858 2789 1896 2830 ο)

453 2843 477 2875 δ.
497 2843 514 2876 b
534 2845 702 2888 0124126
727 2840 912 2879 οὐδέποτε
937 2863 977 2868 -
1001 2855 1078 2878 συν.
1101 2840 1219 2878 αὐτῶν
1241 2848 1285 2882 >
1309 2844 1329 2876 b
1352 2854 1373 2877 o
1400 2845 1406 2886 Ι
1431 2846 1473 2878 26
1497 2840 1538 2886 δὴ
1563 2853 1580 2875 a
1604 2854 1612 2876 ε
1636 2841 1674 2876 δὲ
1698 2842 1720 2875 h
1744 2853 1763 2886 p
1788 2853 1817 2881 v,
1842 2844 1901 2875 δεῖ

453 2892 631 2934 ἔδοιοῦ
658 2911 666 2933 :
693 2898 737 2939 ἐξ
761 2890 808 2933 οὗ
835 2894 1404 2941 ρνΙΞΊαύτοὺςοΙῚούδα>
1429 2894 1740 2940 ὺοΙπάθοςρν
