2457 3436
862 382 1177 412 cousrlrurrousss
1202 382 1479 412 avos-romaum.
1818 371 1916 412 XIX

553 478 654 529 Quis
672 485 808 519 auctor
827 477 1171 520 constitutionum
1198 477 1294 520 fuit?
1339 477 1415 520 Ubi
1437 486 1476 520 et
1495 493 1575 534 quo
1593 485 1777 534 tempore
1791 479 1914 520 vixit?

479 545 540 585 Eius
559 544 703 598 patriam
733 542 914 597 Syriam
952 556 1037 584 esse
1071 543 1147 584 iam
1178 543 1311 598 Drey¹
1338 545 1534 598 perspexit
1567 557 1786 598 omnesque
1822 557 1916 585 con-

479 610 612 650 sentiunt.
655 608 816 649 Menses
841 608 1060 661 prasertim,
1088 621 1187 662 quos
1217 607 1264 649 ad
1294 615 1450 663 tempus
1479 607 1776 650 describendum
1806 602 1915 650 com‘-

479 680 633 722 memorat,
669 672 827 713 nonnisi
866 672 908 713 in
936 671 1039 713 illam
1067 680 1209 714 terram
1241 672 1441 727 quadrant.
1498 673 1676 729 Tempus
1705 674 1916 729 scripturae

478 752 532 779 non
552 751 657 792 aeque
685 744 852 779 constat.
900 737 997 779 Mihi
1028 736 1135 792 plura
1153 746 1383 791 argumenta
1413 739 1576 793 probare
1606 738 1798 789 videntur,
1828 753 1913 780 eam

477 816 532 844 non
560 803 650 856 prius
685 816 803 857 quam
840 803 940 844 circa
975 816 1120 843 annum
1157 814 1238 855 400
1272 802 1492 844 confectam
1528 817 1625 845 esse.
1682 803 1815 845 Unum
1852 819 1916 845 ex-

477 881 579 921 ponere
604 866 754 908 sufficit.
803 866 963 908 Festum
992 868 1201 908 nativitatis
1230 868 1407 918 Domini,
1437 867 1545 923 quod
1575 869 1614 909 in
1636 868 1804 910 Oriente
1831 882 1914 910 non

477 939 536 973 ante
548 945 679 973 annum
697 944 772 985 379
786 931 1061 981 celebrabatur,
1082 933 1122 973 in
1139 932 1288 987 Syriam
1306 932 1366 974 vel
1383 933 1544 987 patriam
1564 932 1734 975 auctoris
1754 932 1915 975 demum

477 996 578 1051 aliquot
600 997 708 1037 annis
736 1002 875 1050 postea
895 997 1085 1051 pervenit,
1113 997 1190 1038 iam
1216 999 1256 1038 in
1277 998 1462 1052 scriptura
1485 997 1617 1039 locum
1639 997 1803 1040 obtinet.
1852 997 1914 1041 Cf.

477 1060 508 1111 V,
525 1074 569 1113 13,
590 1074 627 1111 13
655 1060 757 1111 VIII,
780 1073 845 1114 33,
867 1062 904 1102 6.
952 1060 1142 1102 Nonnulli
1172 1063 1207 1103 ei
1236 1063 1432 1115 originem
1462 1062 1578 1116 paulo
1608 1063 1779 1116 priorem
1810 1064 1915 1104 attri-

475 1123 568 1167 buunt.
616 1125 768 1167 Omnes
802 1133 934 1167 autem
972 1140 1057 1167 earn
1093 1126 1248 1168 saeculo
1279 1127 1334 1167 IV
1365 1126 1498 1168 medio
1534 1128 1793 1181 posteriorem
1829 1142 1915 1170 esse
1951 1126 1961 1182 l

474 1197 655 1243 agnoscunt.

548 1255 847 1298 Constitutiones
881 1256 1072 1298 artissime
1108 1270 1196 1298 cum
1234 1257 1466 1298 recensione
1496 1257 1745 1312 epistularum
1775 1257 1914 1311 Ignatii

474 1318 607 1373 longiore
624 1320 848 1370 cohaerent,
879 1321 929 1362 ita
949 1328 991 1362 ut
1010 1322 1088 1362 iam
1108 1322 1262 1363 Usher²
1281 1321 1554 1373 contenderet,
1580 1322 1914 1364 Ps.-c1ementem

474 1385 598 1426 eundem
624 1399 705 1427 esse
734 1400 825 1427 cum
847 1385 1094 1440 Ps.-Ignatio.
1144 1387 1219 1427 Alii
1249 1394 1444 1440 putarunt,
1474 1387 1578 1429 hunc
1599 1387 1914 1429 Constitutiones

474 1451 681 1504 exscripsisse.
736 1451 838 1492 Mihi
876 1450 936 1492 illa
973 1452 1178 1502 sententia,
1217 1466 1334 1506 quam
1375 1453 1599 1506 nuperrime
1637 1451 1838 1505 Lagarde³
1876 1459 1915 1493 et

474 1513 628 1556 Hamack⁴
654 1515 980 1570 approbaverunt,
1010 1516 1260 1571 praeferenda
1290 1530 1376 1558 esse
1403 1517 1568 1558 videtur.
1622 1518 1717 1558 Loci
1747 1516 1914 1571 paralleli

474 1585 532 1619 tam
556 1580 659 1621 crebri
692 1595 735 1621 ac
771 1588 969 1635 praeterea
1004 1581 1196 1623 eiusmodi
1231 1588 1335 1632 sunt,
1370 1588 1413 1622 ut
1441 1581 1693 1634 Ps.-1gnatius
1724 1595 1780 1632 ea,
1815 1596 1913 1636 quae

475 1656 538 1684 cum
559 1644 901 1687 constitutionibus
936 1645 1050 1687 habet
1078 1647 1320 1696 communia,
1356 1660 1440 1686 non
1469 1653 1548 1687 tam
1580 1645 1628 1687 de
1657 1645 1755 1687 libro
1785 1646 1912 1687 alieno

474 1707 711 1765 deprompsisse
732 1724 849 1765 quam
872 1726 918 1752 ex
938 1711 1097 1765 ingenio
1118 1726 1191 1753 suo
1214 1710 1368 1752 dedisse
1388 1710 1608 1752 censendus
1627 1711 1688 1753 sit.
1736 1711 1912 1761 Accedit,

474 1773 550 1824 quod
569 1775 809 1829 Ps.-Ignatius
845 1775 956 1830 plane
985 1776 1127 1818 eodem
1157 1783 1337 1829 tempore
1365 1776 1460 1817 vixit
1495 1783 1534 1817 et
1561 1777 1600 1817 in
1631 1775 1769 1818 eadem
1796 1784 1911 1827 terra,

474 1837 521 1878 ubi
539 1838 797 1882 Ps.-Clemens.

549 1904 595 1947 De
617 1905 865 1960 theologia
895 1908 1062 1948 auctoris
1082 1907 1398 1948 Constitutiones
1420 1907 1523 1947 solas
1544 1908 1795 1962 respicientes
1816 1907 1912 1948 nihil

472 1968 540 2008 certi
559 1968 669 2013 dicere
700 1986 924 2026 possumus.
972 1972 1058 2013 Iure
1087 1972 1215 2026 itaque
1237 1972 1458 2013 Cotelerius
1488 1972 1632 2012 iudicio
1653 1986 1695 2013 se
1716 1971 1911 2013 abstinuit.

473 2028 552 2074 Haud
577 2037 678 2089 pauci
709 2043 912 2077 auctorem
943 2038 1130 2077 Arianum
1168 2035 1396 2077 habuerunt.
1454 2036 1587 2091 Drey⁵
1621 2036 1780 2091 quidem
1817 2036 1915 2077 hanc

473 2101 652 2141 sententiam
687 2100 898 2154 redarguit.
956 2101 1223 2141 Nihilominus
1264 2102 1408 2142 nostris
1449 2100 1584 2142 diebus
1620 2101 1793 2156 plerique
1829 2115 1914 2141 eam

473 2162 676 2207 retinuerunt.
730 2166 882 2208 Revera
909 2166 950 2206 in
978 2179 1101 2220 opere
1130 2166 1319 2206 nonnulla
1347 2167 1492 2215 insunt,
1522 2180 1621 2221 quae
1649 2155 1939 2207 Arianismuml

473 2225 516 2266 vel
532 2227 873 2271 Semiarianismum
903 2231 1069 2285 prodere
1096 2230 1288 2272 videntur.
1336 2230 1480 2272 Eadem
1511 2238 1640 2272 autem
1671 2230 1751 2272 fere
1782 2231 1915 2271 omnia

473 2292 544 2343 apud
565 2303 682 2348 patres
713 2295 930 2337 catholicos
957 2296 1150 2350 leguntur.
1208 2295 1382 2345 Accedit,
1419 2295 1525 2350 quod
1563 2297 1688 2336 maior
1716 2308 1804 2349 pars
1834 2308 1914 2335 non

474 2353 705 2401 Constitutoris
743 2367 814 2409 est,
856 2359 923 2401 sed
964 2361 1162 2415 scripturis
1207 2360 1400 2402 veteribus
1434 2361 1469 2402 ei
1504 2360 1641 2402 tradita
1675 2368 1744 2402 est.
1801 2360 1916 2414 Opus

474 2418 562 2472 ipsum
585 2439 675 2479 ergo
715 2438 789 2466 nos
819 2424 957 2466 dubios
994 2425 1187 2480 relinquit.
1244 2425 1367 2466 Aliter
1395 2433 1524 2467 autem
1563 2439 1624 2466 res
1654 2439 1695 2466 se
1724 2424 1851 2474 habet,
1885 2426 1917 2465 si

475 2494 569 2528 annor
596 2490 697 2531 idem
736 2498 796 2531 est
830 2504 919 2531 cum
954 2490 1201 2543 Ps.-1gnatio.
1258 2490 1332 2531 Hic
1353 2501 1389 2531 ‘a
1425 2497 1531 2544 parte
1566 2490 1834 2531 Nicaenorum
1874 2503 1916 2529 se

475 2551 582 2594 stetisse
613 2554 784 2608 pluribus
819 2555 916 2596 locis
954 2555 1053 2596 clare
1091 2554 1246 2605 indicat,
1286 2555 1455 2597 maxime
1496 2555 1657 2608 Philipp.
1700 2566 1737 2604 2,
1774 2567 1801 2607 4
1838 2560 1919 2594 tres

551 2673 656 2706 ¹Neue
684 2673 957 2718 Untersuchungen
985 2674 1064 2717 1832
1089 2684 1120 2717 p.
1149 2673 1326 2717 159—163.

553 2729 562 2747 ²
578 2725 742 2772 Polycarpi
766 2733 797 2761 et
821 2728 935 2772 Ignatii
960 2728 1120 2771 epistolae
1148 2728 1230 2768 1644
1254 2727 1379 2771 proleg.
1404 2738 1433 2762 c.
1455 2728 1485 2760 6.

554 2782 564 2800 ⁸
579 2780 738 2826 Reliquiae
761 2781 838 2815 iuris
860 2782 977 2816 eccles.
1002 2788 1067 2815 ant.
1091 2793 1140 2825 gr.
1168 2782 1249 2824 1856
1273 2793 1303 2825 p.
1328 2781 1398 2815 vu.

554 2838 563 2854 ⁴
581 2834 634 2868 Die
656 2836 756 2868 Lehre
777 2836 833 2868 der
855 2837 952 2879 (wolf
970 2837 1097 2880 Apostel
1122 2836 1204 2876 1884
1227 2847 1258 2880 p.
1283 2834 1465 2878 241—265.

554 2889 565 2908 ⁸
583 2888 659 2922 Neue
685 2889 956 2934 Untersuchungen
980 2902 1011 2934 p.
1039 2899 1219 2933 177-194.
