2457 3436
877 390 1098 420 mmscnu
1127 390 1403 420 Arosrononuu.
1858 382 1884 420 3

499 485 660 519 Nonnulli
681 490 831 519 auctores
846 485 1015 519 Didachen
1038 496 1106 519 non
1129 486 1262 530 proprio
1277 486 1408 530 quidem
1429 486 1565 520 nomine
1581 486 1803 531 designarunt,
1826 487 1884 520 sed

394 550 431 572 ea
459 546 616 584 tanquam
644 539 677 573 S.
701 539 865 584 Scriptura
892 541 942 574 usi
970 546 1056 582 sunt,
1084 550 1130 574 sc.
1159 539 1349 574 Clemens
1372 540 1609 574 Alexandrinus
1640 541 1761 576 Strom.
1784 541 1808 582 1,
1833 550 1884 581 20,

398 603 456 626 100
479 604 510 637 p.
537 603 614 636 377;
649 593 854 637 Origenes
883 593 935 628 De
957 594 1123 638 principiis
1146 594 1199 636 111,
1224 603 1253 636 2,
1277 604 1313 637 73
1348 594 1526 638 Optatus
1549 594 1755 628 Milevitanus
1777 595 1801 635 1,
1826 604 1885 635 2¹3

395 647 447 687 111,
471 657 507 690 73
531 653 645 681 auctor
668 647 890 681 Gestorum
913 648 997 691 apud
1020 648 1234 692 zenophilum
1258 648 1306 691 (S.
1322 649 1437 692 Optati
1458 648 1527 682 Mil.
1542 647 1613 683 libr.
1629 648 1690 681 VII
1713 649 1763 682 ed.
1781 649 1886 682 Ziwsa

401 702 473 744 1893
500 712 532 745 p.
558 710 636 743 172;
665 701 706 735 cf.
735 701 951 745 Theologische
974 702 1223 746 Quartalschrfift
1248 702 1331 745 1894
1359 713 1390 746 p.
1413 701 1613 746 601—604).
1659 702 1775 747 Neque
1804 713 1884 736 vero

398 755 447 788 illa
473 755 664 789 testimonia
693 765 801 800 neque
829 755 962 800 reliqua,
991 756 1106 800 quibus
1129 756 1275 790 Didache
1303 756 1402 790 tacite
1424 762 1605 800 usurpatur,
1633 756 1698 790 hoc
1728 757 1805 790 loco
1828 767 1884 789 ex-

400 809 562 842 scribenda
586 819 660 844 esse
684 809 843 844 videntur.
882 810 1028 843 Remitto
1050 809 1210 844 lectorem
1233 810 1273 843 ad
1288 810 1451 844 editiones
1465 811 1643 854 scripturae
1666 816 1698 844 et
1714 810 1756 844 ad
1771 810 1884 844 Patres

401 863 594 907 apostolicos
619 863 670 897 ed.
694 862 786 897 Funk
812 873 903 906 190¹.

1110 1071 1170 1118 B.

625 1157 1062 1205 DIDASCALIA
1095 1157 1576 1205 APOSTOLORU
1585 1160 1655 1203 M.

1133 1284 1157 1317 l.

958 1348 1149 1383 AUDIANI
1172 1349 1215 1392 [c.
1242 1349 1327 1392 325].

501 1423 713 1467 Referente
742 1423 960 1479 Epiphanio
988 1425 1038 1465 H.
1061 1437 1112 1478 70
1133 1439 1166 1466 c.
1194 1438 1240 1465 10
1269 1425 1396 1467 verbis
1425 1426 1464 1466 in
1494 1426 1670 1467 sectione
1698 1434 1887 1481 sequente

402 1504 434 1531 n.
468 1503 495 1542 4
527 1505 566 1531 v.
608 1502 624 1530 1
667 1488 839 1543 anegatis
878 1488 1046 1530 Audiani
1083 1488 1399 1531 Didascaliam
1438 1489 1655 1541 laudabant,
1697 1498 1740 1532 ut
1776 1505 1887 1532 suam

401 1554 560 1608 paschae
590 1552 892 1596 celebrationem
921 1553 984 1595 vel
1013 1553 1494 1604 Quartodecimanismum
1524 1554 1793 1597 defenderent.

1120 1672 1160 1706 11.

922 1735 1185 1770 EPIPHANIUS
1207 1737 1250 1780 [a.
1277 1737 1363 1780 375]-

510 1827 544 1853 1.
584 1812 635 1853 H.
665 1824 713 1865 45
747 1826 780 1853 c.
810 1825 836 1865 4
865 1812 926 1853 ed.
956 1811 1133 1854 Dindorf
1152 1812 1201 1863 11,
1230 1825 1328 1865 410:
1353 1811 1468 1854 Ἀλλὰ
1495 1815 1563 1854 καὶ
1593 1813 1632 1854 οἱ
1660 1812 1889 1854 α’πόστολοί

396 1890 523 1929 φασιν
551 1877 597 1919 ἐν
624 1882 676 1930 τῇ
696 1876 925 1928 Διατάξει
954 1882 1006 1929 τῇ
1034 1878 1278 1930 καλουμένῃ,
1308 1874 1372 1919 ὅτι
1391 1880 1535 1929 φυτεία
1555 1882 1658 1919 θεοῦ
1676 1880 1744 1919 καὶ
1765 1874 1889 1930 ἀμπε-

397 1943 487 1984 λών
516 1941 541 1996 ἢ
571 1940 778 1996 καθολικὴ
806 1942 1007 1996 ἐκκλησία.

506 2006 625 2041 Verbis
639 2007 769 2049 φυτεία
784 2009 860 2041 κτλ.
875 2006 1075 2051 Epiphanius
1093 2007 1262 2040 exordium
1280 2006 1485 2040 Didascaliae
1508 2007 1647 2041 exhibet.
1686 2008 1890 2040 Sententiam

397 2069 508 2095 autem
538 2061 646 2105 potius
674 2071 771 2105 quam
800 2060 899 2094 verba
927 2060 1076 2094 laudasse
1106 2061 1240 2094 videtur.
1287 2060 1395 2094 Locus
1425 2071 1486 2094 nec
1517 2072 1592 2094 cum
1616 2061 1800 2095 Didascalia
1828 2071 1890 2094 nec

400 2126 477 2149 cum
500 2114 800 2149 Constitutionibus
824 2114 919 2159 plane
943 2115 1117 2148 consentit.
1163 2115 1279 2159 Neque
1302 2115 1374 2159 plus
1398 2126 1496 2159 quam
1519 2116 1679 2149 sententia
1702 2117 1785 2160 patri
1808 2126 1892 2159 opus

397 2176 478 2203 erat.
522 2169 682 2202 Severum
709 2169 798 2202 enim
821 2168 1019 2202 Encratitam
1048 2168 1124 2202 loco
1152 2168 1209 2202 illo
1233 2169 1426 2213 redarguere
1455 2169 1558 2202 voluit
1587 2170 1761 2212 dicentem,
1790 2170 1891 2203 vitem

396 2234 415 2256 a
437 2222 571 2256 diabolo
594 2222 757 2256 consitam
781 2232 865 2256 esse.

507 2289 546 2318 2.
586 2277 637 2318 H.
668 2278 721 2318 80
749 2291 781 2318 c.
813 2290 836 2330 7
867 2276 1042 2318 Dindorf
1062 2277 1128 2328 111,
1160 2279 1255 2331 546:
1293 2279 1371 2319 Καὶ
1399 2280 1491 2330 περὶ
1518 2279 1592 2330 μὲν
1621 2273 1697 2319 οὖν
1725 2282 1804 2319 τοῦ
1831 2293 1892 2330 γε-

396 2344 511 2383 νείου
540 2342 585 2383 ἐν
608 2351 699 2390 ταῖς
718 2341 972 2392 Διατάξεσι
1000 2348 1089 2384 τῶν
1117 2342 1369 2384 ἀποστόλων
1397 2342 1542 2394 φάσκει
1574 2340 1597 2383 ὁ
1626 2347 1741 2390 θεῖος
1770 2342 1893 2394 λόγος

397 2410 466 2448 καὶ
485 2404 511 2461 ἡ
531 2407 781 2457 διδασκαλία,
807 2406 863 2460 μὴ
884 2409 1082 2459 φθείρειν,
1103 2409 1292 2449 τουτέστι
1310 2407 1365 2460 μὴ
1387 2408 1545 2459 τέμνειν
1564 2410 1701 2460 τρίχας
1721 2410 1892 2460 γενείου,

395 2473 495 2526 μηδὲ
544 2470 766 2525 ἑταιρισμῷ
815 2476 1161 2525 κατακοσμεῑσθαι
1204 2473 1302 2526 μηδὲ
1345 2469 1623 2526 ὑπερηφανίας
1669 2468 1893 2525 ὑπόδειγμα

396 2536 663 2591 δικαιοσύνης
689 2536 765 2590 τὴν
793 2538 1060 2589 προσέλευσιν
1087 2536 1202 2589 ἔχειν.

507 2601 618 2634 Verba
646 2599 696 2644 μὴ
725 2602 895 2644 φθείρειν
917 2620 958 2626 -
982 2602 1125 2644 γενείου
1154 2601 1328 2644 respiciunt
1362 2600 1580 2634 Didascaliam
1610 2601 1633 2640 l,
1664 2610 1692 2643 3,
1725 2610 1773 2641 11,
1804 2601 1894 2644 μηδὲ

398 2655 598 2700 ἑταιρισμῷ
627 2667 754 2690 κατακ.
777 2655 898 2696 Did.1‚
925 2665 952 2698 3,
976 2656 1071 2699 8-9
1118 2655 1226 2689 Verba
1253 2655 1342 2697 μηδὲ
1372 2651 1617 2698 ὑπερηφανίας
1646 2658 1719 2688 κτλ.
1750 2654 1790 2687 ad
1819 2654 1893 2688 Did.

396 2710 421 2750 1,
447 2718 468 2751 4
491 2708 604 2743 referri
629 2716 775 2753 possunt.
821 2710 1064 2752 Animadverte,
1094 2710 1158 2742 hoc
1188 2719 1316 2753 quoque
1344 2708 1419 2742 loco
1442 2708 1625 2752 Epiphanio
1657 2709 1764 2741 minus
1797 2709 1895 2741 verba

398 2763 565 2797 reddenda
590 2763 690 2797 fuisse
712 2774 811 2808 quam
834 2765 1040 2797 sententiam.

512 2830 548 2871 3.
595 2818 645 2859 H.
676 2830 724 2871 75
756 2832 788 2859 c.
820 2819 843 2859 6
873 2817 1049 2859 Dindorf
1070 2817 1136 2867 III,
1169 2819 1262 2870 360:
1313 2830 1344 2858 1.
1375 2818 1428 2858 Εἰ
1461 2818 1504 2858 δε
1540 2819 1607 2858 καὶ
1639 2833 1714 2871 χρτ
1742 2817 1794 2859 τὰ
1822 2823 1897 2870 τῆς

397 2883 679 2934 martigenae·
706 2888 795 2924 τῶν
815 2881 1067 2924 αποστόλων
1094 2884 1237 2936 λέγειν,
1265 2886 1355 2930 πῶς
1384 2882 1467 2924 ἐκεῖ
1493 2880 1693 2935 ὡρίζοντο
1722 2881 1897 2935 τετράδα

1728 2948 1765 2979 l*
