2457 3436
658 364 736 403 100
1246 367 1565 397 οοΝετιτυτιοΝεε

657 467 835 518 verbum,
870 466 978 521 quod
1014 480 1061 507 ex
1094 472 1134 506 te
1169 472 1241 514 est,
1276 477 1345 518 per
1378 463 1487 518 quod
1523 464 1657 505 onmia
1692 462 1822 505 fecisti
1852 464 2056 506 voluntate
2079 472 2137 506 tua

664 535 724 575 16.
754 533 803 573 Et
830 532 969 572 misisti
1000 544 1091 572 eurn
1121 529 1170 571 de
1200 528 1308 570 caelo
1339 529 1378 569 in
1407 536 1562 570 uterum
1591 528 1768 582 virginis.
1825 528 1937 570 Caro
1954 531 2080 584 factus
2102 539 2139 570 est

661 605 700 639 et
728 603 900 651 gestatus
929 594 1000 637 fuit
1028 596 1067 636 in
1097 602 1234 636 ventre
1255 594 1350 635 eius.
1404 607 1464 646 17.
1494 593 1542 635 Et
1561 591 1662 635 filius
1681 601 1772 635 tuus
1799 593 2071 636 manifestatus
2087 594 2140 635 fuit

661 676 682 703 a
716 662 851 715 spiritu
886 668 1035 711 sancto,
1074 667 1116 702 ut
1151 658 1332 714 impleret
1364 658 1608 700 voluntatem
1642 666 1752 701 tuam
1790 666 1829 701 et
1867 659 2058 714 populum
2087 659 2139 701 tibi

619 737 638 767 ῡ
663 726 836 768 efficeret
870 724 1127 780 expandendo
1167 738 1307 766 manus
1341 738 1441 765 suas.
1504 725 1563 766 18.
1601 724 1740 765 Passus
1776 732 1851 774 est,
1896 731 1942 766 ut
1976 726 2140 779 patientes

661 791 853 840 liberaret,
886 790 952 844 qui
986 791 1026 831 in
1061 797 1101 831 te
1131 788 1307 830 credunt.
1364 788 1447 839 Qui
1481 788 1641 830 traditus
1676 796 1734 830 est
1768 788 1981 831 voluntate
2014 804 2077 830 sua
2102 789 2140 830 ad

663 856 901 910 passionem,
932 862 973 896 ut
993 861 1164 896 mortem
1196 853 1428 896 dissolveret
1456 861 1495 895 et
1522 853 1674 895 vincula
1702 861 1864 895 satanae
1895 862 2088 909 rumperet
2110 862 2138 895 et

664 920 912 962 conculcaret
941 918 1135 960 infernum
1173 926 1211 960 et
1245 926 1402 960 sanctos
1437 917 1621 959 educeret
1656 925 1695 960 et
1722 925 1868 961 statuta
1906 919 2087 961 conderet
2109 927 2138 960 et

665 985 993 1026 resurrectionem
1023 982 1266 1038 patefaceret.
1323 995 1384 1035 19.
1413 983 1606 1037 Accipiens
1634 997 1721 1037 ergo
1740 991 1887 1038 panem
1914 986 2059 1039 gratias
2081 986 2137 1038 egit

601 1058 643 1089 ιο
665 1057 700 1089 et
727 1049 843 1090 dixit:
877 1048 1054 1103 Accipite,
1088 1048 1275 1098 comedite,
1309 1047 1375 1089 hoc
1408 1055 1460 1088 est
1493 1055 1622 1103 corpus
1655 1062 1793 1098 meum,
1828 1049 1933 1103 quod
1959 1058 2029 1104 pro
2057 1049 2138 1090 vobis

657 1114 872 1168 frangitur.
930 1113 978 1154 Et
1004 1113 1178 1154 similiter
1212 1112 1366 1153 calicem
1394 1127 1533 1168 quoque
1561 1111 1629 1167 (et)
1658 1113 1775 1154 dixit:
1809 1113 1890 1155 Hic
1924 1122 1977 1155 est
2008 1116 2139 1169 sanguis

666 1192 779 1228 meus,
808 1179 875 1233 qui
884 1186 956 1232 pro
973 1177 1076 1218 vobis
1096 1177 1300 1232 effunditur
1306 1192 1323 1227 ;
1348 1191 1431 1218 cum
1444 1177 1579 1231 facitis
1601 1177 1678 1227 hoc,
1707 1179 1747 1218 in
1775 1182 2140 1221 commemorationem

665 1245 739 1283 mei
764 1243 805 1284 id
821 1244 988 1297 facietis.
1048 1255 1111 1284 20.
1148 1242 1415 1284 Recordantes
1443 1242 1560 1296 igitur
1587 1243 1726 1283 mortis
1755 1243 1839 1284 eius
1869 1251 1913 1286 et
1941 1245 2141 1286 resurrecti-

667 1308 755 1348 onis
784 1308 866 1349 eius
895 1307 1097 1349 offerimus
1125 1308 1193 1349 tibi
1222 1307 1326 1349 hunc
1359 1320 1503 1361 panem
1538 1315 1575 1349 et
1611 1307 1784 1358 calicem,
1821 1310 1969 1362 gratias
2001 1317 2141 1363 agentes

605 1381 643 1411 15
665 1372 748 1423 tibi,
777 1371 884 1427 quod
905 1386 979 1413 nos
998 1372 1198 1414 reddidisti
1219 1372 1375 1426 dignos,
1404 1379 1446 1413 ut
1466 1379 1614 1414 stemus
1642 1386 1774 1414 coram
1804 1380 1846 1415 te
1876 1380 1918 1415 et
1943 1374 2143 1416 sacerdotio

667 1437 736 1479 tibi
763 1436 983 1492 fungamur.
1034 1449 1097 1479 21.
1127 1437 1359 1492 Suppliciter
1379 1451 1537 1479 oramus
1555 1445 1608 1488 te,
1637 1444 1678 1479 ut
1698 1438 1830 1479 mittas
1850 1439 2031 1493 spiritum
2048 1447 2141 1481 tunm

668 1510 845 1544 sanctum
874 1516 990 1558 super
1019 1502 1236 1544 oblationes
1266 1502 1378 1544 huius
1407 1502 1603 1553 ecclesiae,
1633 1504 1853 1558 pariterque
1874 1503 2047 1558 largiaris
2072 1518 2142 1545 om-

669 1567 794 1616 nibus,
823 1568 889 1622 qui
917 1575 1079 1609 sumunt
1107 1567 1155 1609 de
1180 1568 1248 1618 eis,
1279 1567 1343 1621 (ut
1363 1568 1486 1622 prosit
1506 1568 1560 1609 eis
1579 1567 1648 1623 ad)
1678 1569 1942 1620 sanctitatem,
1971 1576 2013 1610 ut
2039 1569 2143 1623 reple-

668 1639 781 1674 antur
814 1633 951 1686 spiritu
986 1639 1136 1683 sancto,
1172 1640 1211 1674 et
1247 1632 1296 1674 ad
1330 1631 1671 1675 confirmationem
1706 1632 1797 1675 fidei
1833 1634 1873 1675 in
1911 1636 2082 1684 veritate,
2110 1641 2143 1674 ut

603 1704 646 1735 20
669 1704 707 1738 te
737 1696 934 1739 celebrent
962 1704 1001 1739 et
1030 1696 1187 1739 laudent
1215 1698 1256 1738 in
1284 1696 1366 1739 filio
1394 1705 1465 1739 tuo
1485 1697 1572 1739 Iesu
1593 1697 1765 1749 Christo,
1795 1699 1836 1739 in
1861 1713 1944 1754 quo
1973 1699 2040 1741 tibi
2067 1698 2141 1753 (sit)

669 1761 749 1802 laus
778 1768 816 1803 et
844 1763 1019 1816 potentia
1039 1763 1078 1804 in
1098 1770 1228 1804 sancta
1248 1762 1408 1804 ecclesia
1437 1771 1476 1804 et
1494 1777 1599 1805 nunc
1627 1770 1666 1805 et
1683 1777 1841 1817 semper
1871 1771 1911 1806 et
1941 1765 1982 1806 in
2012 1764 2144 1806 saecula

669 1826 928 1878 saeculorum,
958 1831 1115 1869 amen-‘⁸

1204 1930 1269 1966 De
1297 1930 1508 1967 oblatione
1537 1929 1630 1967 olei.
1700 1971 1702 1974 ,

779 2023 842 2052 22.
882 2011 963 2061 Qui
994 2011 1125 2053 oleum
1157 2011 1272 2054 offert
1306 2020 1489 2068 tempore
1519 2012 1782 2064 eucharistiae,
1818 2012 1999 2056 similiter
2031 2013 2147 2068 (faciat

603 2081 646 2113 25
670 2075 807 2130 atque)
843 2076 882 2116 in
918 2090 1020 2130 pane
1050 2084 1088 2117 et
1122 2077 1230 2128 vino,
1266 2077 1407 2119 eodem
1444 2077 1569 2120 modo
1602 2079 1743 2132 gratias
1775 2091 1910 2132 agens.
1970 2079 2147 2129 Quamvis

669 2146 800 2181 autem
836 2139 984 2182 eisdem
1022 2141 1147 2182 verbis
1182 2156 1265 2183 non
1301 2141 1414 2184 fuerit
1443 2157 1548 2194 usus,
1584 2156 1655 2198 pro
1691 2142 1870 2185 facultate
1904 2157 1975 2185 sua
2009 2139 2147 2199 propria

780 2253 795 2283 l
820 2248 933 2282 Ioann.
961 2258 987 2288 x,
1016 2258 1107 2291 1—3.
1132 2268 1172 2274 -
1196 2253 1217 2283 2
1240 2250 1350 2284 Ioann.
1377 2260 1404 2292 1,
1432 2260 1479 2290 14.
1504 2269 1545 2276 —
1569 2255 1588 2285 3
1610 2251 1723 2284 Ioann.
1746 2260 1830 2292 4,4;
1854 2250 1886 2292 6,
1911 2252 1965 2294 38.
1990 2271 2031 2277 —
2053 2255 2072 2286 4
2091 2249 2147 2283 Tit.

669 2313 698 2344 2,
725 2306 774 2338 14.
799 2322 838 2328 —
864 2307 882 2337 7
905 2303 934 2336 11
958 2301 1046 2336 Tim.
1074 2313 1101 2343 1,
1128 2313 1177 2337 10.
1203 2322 1243 2329 —
1274 2307 1294 2339 9
1317 2304 1431 2338 Matth.
1456 2304 1507 2346 26,
1531 2304 1675 2346 26—28;
1698 2305 1777 2338 Luc.
1800 2314 1854 2347 22,
1881 2315 2027 2350 19-20;
2049 2305 2061 2339 1
2082 2304 2147 2338 Cor.

673 2365 720 2398 11,
746 2366 883 2400 23—25.

778 2459 793 2488 1
819 2455 906 2499 quod
930 2465 968 2488 ex
992 2460 1025 2487 te
1049 2459 1100 2488 est
1124 2466 1132 2488 ε
1156 2455 1370 2500 inseparabile
1386 2455 1413 2489 L
1432 2458 1439 2497 Ι
1457 2461 1512 2489 tua
1530 2468 1537 2488 ι
1557 2458 1593 2497 -1-
1612 2461 1643 2489 et
1667 2456 1752 2489 bene
1768 2455 1925 2500 placitum
1944 2457 2005 2491 tibi
2025 2457 2082 2491 fuit
2101 2455 2123 2489 L
2143 2493 2146 2496 ⁴

665 2511 687 2540 4
711 2514 825 2541 sancto
855 2521 862 2541 ε
895 2511 931 2549 -f-
958 2515 991 2542 et
1014 2508 1141 2552 virgine
1171 2515 1267 2543 natus
1289 2510 1316 2543 L
1348 2512 1355 2551 Ι
1384 2513 1424 2544 17
1447 2509 1631 2554 pariterque
1654 2521 1662 2542 :
1687 2509 1722 2543 in
1743 2521 1847 2544 unum
1870 2520 2081 2555 congregans
2102 2510 2124 2544 L

668 2564 709 2594 18
731 2562 772 2594 de
796 2563 842 2595 eis
868 2581 903 2586 —
930 2563 1136 2596 sanctitatem
1160 2575 1167 2596 :
1193 2564 1313 2598 sanctis
1337 2564 1363 2598 L
1387 2567 1394 2606 1
1424 2567 1467 2599 20
1489 2564 1522 2597 in
1545 2575 1553 2597 τ
1577 2574 1635 2607 per
1657 2562 1683 2596 L
1707 2565 1714 2605 Ι
1745 2567 1786 2598 21
1811 2565 1963 2608 potentia
1986 2576 1996 2599 t
2022 2569 2058 2607 -{-
2082 2564 2147 2609 patri

665 2620 698 2647 et
721 2614 788 2648 filio
812 2627 886 2648 cum
910 2616 1023 2659 spiritu
1047 2623 1163 2650 sancto
1184 2617 1212 2651 L
1232 2618 1238 2662 Ι
1257 2622 1299 2659 24
1322 2624 1471 2663 tempore
1495 2618 1588 2652 euch.
1612 2622 1655 2658 >
1680 2617 1706 2652 1.

710 2720 760 2745 21.
779 2712 946 2756 Epiclesis.
966 2714 1017 2748 Cf.
1034 2714 1073 2749 C.
1092 2715 1132 2749 A.
1148 2716 1236 2758 VIII,
1260 2726 1308 2758 12,
1329 2726 1378 2760 39.
1445 2727 1563 2762 aquam
1593 2723 1627 2751 et
1654 2716 1767 2751 oleum
1797 2717 1966 2760 exhibent,
2001 2718 2147 2762 liturgiam

709 2773 846 2806 22—24.
872 2766 1134 2803 Constitutiones
1153 2770 1379 2814 apostolorum
1445 2777 1554 2806 autem
1569 2776 1774 2815 exponentes
1798 2771 1839 2806 de
1855 2772 1936 2807 oleo
1950 2773 2059 2808 silent.
2096 2772 2147 2806 Ne-

663 2817 734 2859 VII,
747 2828 788 2859 42
806 2820 846 2853 de
866 2821 942 2853 oleo
961 2821 1185 2857 benedicendo
1201 2824 1379 2869 loquuntur
1445 2836 1509 2870 que
1538 2825 1684 2869 Liturgia
1713 2825 1912 2871 aethiopica,
1942 2838 2043 2872 quam
2064 2826 2147 2860 Ham·

662 2877 695 2903 et
709 2871 794 2914 VIII,
809 2883 849 2917 ²9
864 2875 1049 2909 orationem
1062 2877 1102 2910 ad
1115 2877 1375 2913 benedicendum
1444 2879 1547 2914 mond
1559 2879 1744 2925 publicavit,
1756 2880 1844 2915 hauc
1857 2881 2044 2916 sectionem
2057 2882 2144 2915 habet
