2457 3436
779 273 939 303 Emi-osus
966 273 1066 302 mma
1095 273 1164 301 vm
1194 272 1525 303 coxsnrurronun.
1782 261 1897 302 XVII

410 376 474 411 aut
499 368 705 423 particulas
734 369 909 410 minores
928 376 1079 410 tantum
1100 370 1318 420 continent,
1346 368 1447 410 haud
1471 369 1670 410 immerito
1691 370 1897 422 praeterire

411 434 503 476 mihi
531 434 637 475 visus
666 448 768 475 sum.
826 433 996 475 Codices
1025 442 1169 484 autem,
1199 448 1299 489 quos
1328 433 1496 484 adhibui,
1526 434 1564 475 hi
1593 441 1695 475 sunt.

518 512 553 541 1.
590 497 914 540 vindobonensis
947 499 1036 540 hist.
1071 512 1183 552 gr..7
1220 499 1295 553 (ε-
1323 497 1382 553 v),
1419 499 1493 539 iam
1530 499 1568 539 in
1605 498 1897 553 prolegomenis

411 563 457 606 ad
488 564 723 617 Fragmenta
756 564 1009 605 Anastasiana
1051 563 1187 618 (supra
1229 578 1266 618 p.
1304 563 1381 618 IX)
1425 562 1651 618 descriptus.
1710 562 1899 604 Continet

413 630 637 683 scripturam
659 636 784 670 totam
803 627 870 670 fol.
898 641 912 669 1
929 641 1039 681 -13,
1060 628 1184 670 modo
1207 630 1353 670 omittit
1373 642 1508 682 preces
1528 629 1567 669 in
1588 627 1898 670 ordinationibus

412 693 726 748 pronuntiandas.
773 693 934 747 Legitur
962 700 1092 735 autem
1114 694 1296 747 Epitome
1323 707 1404 735 non
1426 693 1540 747 plane
1560 694 1757 735 continua.
1804 694 1898 735 Post

412 765 521 814 caput
549 758 685 800 XVIII
712 759 934 800 inseruntur
962 758 1003 800 αἱ
1031 760 1214 812 citatam}
1236 759 1277 800 αἱ
1294 758 1362 800 διὰ
1385 758 1620 812 Κλήμεντος
1638 761 1707 800 καὶ
1726 758 1900 807 κανόνες

411 823 734 877 ἐαλησιαστικοὶ
761 827 848 864 τῶν
875 820 1004 877 ἁγίων
1022 822 1270 866 ἀποστόλων
1298 822 1360 864 vel
1380 822 1590 864 Ordinatio
1619 838 1718 877 quae
1737 830 1898 865 vocatur

414 888 636 943 apostolica,
671 902 786 943 quam
823 888 1011 942 publicavi
1046 889 1086 929 in
1122 887 1294 930 editione
1323 888 1536 929 Doctrinae
1564 887 1773 930 duodecim
1805 901 1898 942 apo-

415 952 602 995 stolorum
629 954 730 1007 1887
750 967 789 1007 p.
812 965 984 1006 50—73.
1031 953 1123 994 Pars
1141 953 1255 995 tertia
1283 954 1461 1008 quintum
1482 953 1544 994 vel
1564 952 1745 994 ultimum
1765 952 1897 995 locum

417 1017 574 1060 obtinet.
627 1018 756 1072 Capiti
782 1018 918 1059 XXIII
944 1031 1014 1059 seu
1042 1018 1314 1059 constitutioni
1343 1017 1392 1060 de
1421 1018 1524 1060 feriis
1552 1018 1773 1071 adiungitur
1800 1017 1899 1071 frag-

417 1090 589 1124 mentum
619 1082 918 1124 Anastasianum
958 1082 1007 1124 de
1041 1081 1177 1124 diebus
1210 1081 1329 1124 festis.
1385 1082 1523 1138 Capite
1552 1082 1690 1124 XXIV
1720 1089 1899 1133 exeunte,

417 1155 497 1189 ante
515 1161 675 1189 versum
700 1160 759 1197 11,
789 1147 971 1189 inseritur
999 1146 1261 1201 fragmentum
1282 1148 1580 1189 Anastasianum
1611 1148 1659 1189 de
1677 1147 1782 1189 libris
1804 1161 1899 1202 gen·

417 1210 531 1254 tilium
552 1226 636 1254 non
655 1211 844 1266 legendis.
873 1212 969 1254 Post
989 1220 1138 1266 partem
1159 1213 1348 1267 quintam,
1369 1213 1430 1253 cui
1451 1212 1575 1254 codex
1596 1220 1726 1254 autem
1748 1220 1897 1267 partem

417 1277 561 1318 tertiam
591 1278 810 1331 postponit,
843 1277 983 1331 legitur
1011 1277 1193 1331 particula
1221 1278 1406 1331 inscripta
1433 1279 1526 1329 περὶ
1552 1281 1766 1331 νηστειῶν,
1803 1290 1900 1332 quae

417 1347 469 1383 est
501 1340 640 1383 eadem
679 1355 724 1383 ac
758 1355 844 1395 pars
877 1342 985 1395 prior
1018 1342 1152 1396 capitis
1186 1341 1301 1382 XVII
1330 1341 1521 1396 (XLVII)
1557 1342 1898 1383 Constitutionum

415 1407 676 1461 aegyptiarum
707 1406 769 1448 vel
798 1407 959 1447 canonis
982 1406 1140 1448 XXXII
1168 1406 1380 1448 Canonum
1409 1406 1626 1461 Hippolyti,
1655 1421 1676 1448 a
1705 1420 1770 1448 me
1799 1407 1899 1448 edita

414 1471 451 1512 in
486 1470 745 1525 Theologische
775 1470 1082 1526 Quartalschrift
1115 1472 1213 1524 1893
1246 1486 1283 1525 p.
1314 1473 1404 1523 665.
1463 1472 1685 1525 Descriptio
1714 1471 1899 1513 foliorum

419 1548 557 1589 1—13,
586 1549 704 1591 quam
733 1535 824 1578 fecit
842 1535 1200 1586 Lambeck—Kollar,
1229 1536 1550 1578 Commentarius
1570 1536 1674 1586 VIII,
1696 1549 1788 1589 904,
1818 1551 1900 1577 non

413 1608 469 1643 est
496 1608 686 1643 accurata.

520 1678 557 1707 2.
597 1665 842 1708 Oxoniensis
878 1666 939 1708 vel
973 1667 1228 1708 Baroccianus
1267 1669 1317 1707 26
1360 1666 1434 1720 (===
1467 1666 1527 1720 b),
1570 1666 1901 1716 membranaceus,

411 1730 537 1772 forma
565 1730 750 1785 quadrata
778 1732 947 1781 minore,
982 1745 1082 1772 saec.
1111 1731 1183 1780 XI,
1213 1730 1278 1772 fol.
1312 1743 1401 1784 370.
1459 1730 1639 1785 Epitome
1667 1730 1807 1784 legitur
1835 1730 1901 1772 fol.

416 1797 641 1849 146—166.
698 1795 823 1845 Coxe,
864 1795 1043 1850 Catalogi
1085 1795 1200 1837 codd.
1242 1809 1357 1837 mser.
1399 1795 1580 1837 Biblioth.
1619 1795 1852 1837 Bodleianae
1886 1796 1903 1837 I

410 1860 579 1915 (1853),
596 1862 659 1913 36.
699 1860 802 1902 Cum
821 1859 916 1902 liber
931 1860 1153 1914 Tubingam
1176 1874 1258 1901 non
1274 1861 1612 1910 transmitteretur,
1632 1860 1901 1914 apographum

409 1925 768 1980 photographicum
798 1926 915 1979 partis
943 1925 1138 1966 secundae
1166 1925 1260 1966 mihi
1292 1926 1419 1979 paravi
1449 1924 1509 1966 vel
1539 1924 1723 1966 foliorum
1755 1931 1902 1977 151*-

415 1992 520 2043 158',
549 2004 649 2045 quae
670 1991 785 2031 etiam
807 1989 927 2031 finem
958 1991 1075 2044 partis
1105 1991 1253 2044 primae
1283 1997 1320 2031 et
1340 1991 1491 2031 initium
1514 1991 1631 2044 partis
1658 1991 1795 2031 tertiae
1823 2003 1904 2031 am-

409 2055 647 2110 plectuntur.
684 2054 892 2097 Terminat
909 2055 1177 2109 apographum
1199 2054 1395 2096 vocabulis
1415 2056 1450 2096 εἰ
1467 2057 1541 2107 μὲν
1559 2060 1710 2096 πιστοῦ
1729 2055 1859 2107 XXII,
1881 2068 1900 2108 3

409 2119 482 2174 (cf.
513 2119 635 2174 not.).
692 2120 903 2161 Lectiones
931 2120 1070 2161 abhinc
1098 2120 1349 2173 transcriptae
1378 2134 1425 2160 ex
1455 2119 1627 2161 editione
1648 2120 1806 2161 Fabricii
1839 2120 1904 2162 de-

408 2192 592 2239 sumptae
628 2192 731 2227 sunt.
788 2185 921 2227 Plures
961 2199 1093 2227 earum
1134 2185 1274 2238 signo?
1316 2186 1461 2234 notavi,
1506 2184 1651 2226 scilicet
1694 2199 1770 2233 eas,
1810 2199 1905 2239 quas

409 2249 551 2291 codice
578 2249 677 2291 tradi
707 2249 803 2291 mihi
832 2248 943 2291 valde
972 2249 1132 2291 dubium
1162 2257 1254 2290 erat.

524 2326 560 2367 3.
590 2314 839 2356 florentinus
857 2314 919 2356 vel
939 2315 1218 2356 Laurentianus
1239 2314 1332 2368 plut.
1354 2314 1423 2364 IX,
1445 2315 1468 2355 8
1490 2314 1564 2368 (==
1584 2314 1638 2368 f),
1665 2314 1906 2355 membrana-

409 2393 519 2430 ceus,
547 2380 587 2420 in
608 2378 720 2430 folio,
748 2393 849 2421 saec.
871 2380 940 2430 XI,
961 2379 1146 2421 foliorum
1171 2391 1261 2432 354,
1292 2378 1386 2421 olim
1407 2378 1648 2420 Balsamonis
1670 2379 1906 2433 patriarchae

409 2445 654 2486 Antiocheni
684 2446 707 2495 †
738 2459 771 2485 c.
801 2459 834 2486 a.
870 2457 984 2486 1200.
1041 2444 1232 2486 Continet
1260 2444 1468 2498 Epitomen
1504 2443 1570 2485 fol.
1603 2456 1762 2495 20—29
1793 2444 1905 2499 eique

409 2508 620 2551 adiunctos
649 2509 837 2551 Canones
865 2508 1135 2563 apostolorum
1165 2508 1232 2550 fol.
1264 2521 1436 2562 29—34.
1493 2508 1554 2550 Cf.
1583 2508 1761 2558 Bandini,
1794 2509 1906 2550 Cata-

410 2573 528 2629 Iogus
557 2573 675 2616 codd.
706 2588 822 2616 mser.
851 2574 1034 2616 Biblioth.
1064 2573 1170 2615 Med.
1199 2574 1311 2614 Laur.
1341 2573 1370 2623 1,
1403 2576 1491 2626 396.

521 2653 560 2692 4.
593 2639 805 2681 Vaticanus
839 2640 941 2691 1980
971 2639 1044 2694 (=
1063 2640 1119 2693 a),
1149 2639 1480 2689 membranaceus,
1511 2638 1659 2679 formae
1688 2637 1906 2693 quadratae,

410 2717 512 2746 saec.
532 2703 624 2755 XII,
654 2703 723 2745 fol.
747 2716 835 2756 195.
883 2703 1046 2746 Exhibet
1074 2705 1303 2759 scripturam
1329 2703 1394 2744 fol.
1419 2716 1562 2756 5——17‚
1592 2711 1740 2757 partem
1771 2717 1908 2744 secun-

412 2768 504 2811 dam
538 2782 637 2811 vero
675 2768 823 2810 omittit
858 2777 1008 2824 praeter
1042 2770 1167 2823 capita
1195 2768 1458 2818 XIX—XXI,
1493 2782 1592 2823 quae
1626 2768 1723 2823 parti
1751 2769 1908 2823 quintae

477 2835 600 2876 Funis,
624 2834 757 2868 Dmasc.
778 2844 818 2868 ιτ
840 2834 987 2868 Coum-rr.
1009 2845 1060 2868 ΑΡ.
1106 2835 1144 2868 11.
1751 2833 1780 2865 11
