2457 3436
843 397 1160 427 CONSTITUTmNss
1186 397 1464 427 Aposrononnu.
1849 389 1903 427 39

405 493 598 548 populum
624 501 663 535 et
681 493 918 544 sacerdotes,
947 507 996 535 an
1016 492 1092 544 ille,
1121 494 1187 549 qui
1217 493 1370 547 eligitur
1389 493 1435 534 ab
1455 494 1523 544 eis,
1554 493 1696 547 dignus
1720 494 1769 535 sit
1798 494 1901 547 prin-

405 559 555 612 cipatu;
584 557 726 613 quodsi
744 571 792 599 eo
814 558 990 600 contenti
1008 557 1163 609 suerint,
1193 557 1309 599 addet
1333 558 1580 612 interrogans
1600 571 1683 609 eos,
1713 571 1759 599 an
1790 559 1897 600 testi-

406 623 590 664 monium
619 622 666 664 ab
695 622 877 665 omnibus
905 622 959 664 illi
987 622 1243 677 perhibeatur,
1273 622 1380 678 quod
1409 622 1549 677 dignus
1577 623 1627 664 sit
1655 622 1726 664 hac
1755 636 1897 677 magna

405 695 445 729 et
474 687 647 742 perfecta
674 687 861 741 dignitate
891 694 929 729 et
957 687 1154 742 possideat
1189 694 1333 729 rectam
1365 701 1456 741 erga
1485 688 1614 728 Deum
1646 687 1894 741 religionem,

405 752 551 794 deinde
584 767 633 794 an
668 751 941 794 rectitudinem
977 751 1160 794 observet
1195 765 1286 806 erga
1323 765 1463 793 omnes
1501 751 1696 793 homines.
1754 753 1897 794 Postea

404 817 662 870 interrogabit
696 816 745 859 de
778 816 963 859 omnibus
997 817 1172 859 moribus
1207 818 1302 868 eius,
1339 831 1386 858 an
1428 818 1477 859 sit
1513 817 1598 858 sine
1632 817 1793 859 macula.
1851 817 1898 858 Et

403 896 549 924 omnes
579 881 736 924 insimul
763 882 1037 924 testimonium
1062 881 1115 923 illi
1134 881 1298 923 reddant
1317 882 1357 923 in
1378 883 1551 933 veritate,
1580 882 1687 937 quod
1714 882 1800 923 talis
1829 882 1897 933 sit;

403 960 528 1001 porro
556 947 687 989 testati
715 945 778 987 ubi
808 954 910 997 sunt,
940 946 1049 1001 quod
1077 946 1161 989 talis
1190 947 1240 989 sit
1268 947 1353 988 sine
1371 947 1600 1001 acceptione
1627 960 1897 1000 personarum,

405 1012 535 1053 immo
554 1012 663 1066 quasi
683 1024 816 1053 coram
835 1011 925 1053 Deo
946 1011 1072 1053 iudice
1093 1018 1131 1053 et
1151 1011 1312 1053 Christo
1340 1025 1384 1053 ac
1412 1011 1546 1066 spiritu
1576 1019 1713 1053 sancto
1743 1019 1782 1053 et
1810 1025 1898 1053 om-

405 1076 521 1118 nibus
549 1077 693 1118 sanctis
720 1076 990 1131 spiritualibus,
1025 1077 1090 1131 qui
1127 1077 1347 1118 ministrant
1378 1078 1426 1127 ei,
1466 1076 1582 1118 etiam
1612 1076 1896 1119 documentum

404 1142 581 1196 accipiat,
609 1155 658 1183 an
688 1140 829 1195 dignus
857 1142 906 1183 sit
936 1141 1153 1183 ministerio
1184 1142 1223 1182 in
1252 1142 1431 1192 veritate3
1462 1155 1553 1183 nam
1581 1142 1620 1182 in
1643 1155 1706 1183 ore
1733 1141 1892 1183 duorum

403 1206 465 1247 vel
493 1207 611 1247 trium
639 1207 786 1247 testium
812 1213 888 1247 stat
905 1221 1010 1247 omne
1028 1205 1183 1247 verbum
1213 1205 1305 1260 (Mt.
1342 1207 1402 1257 18,
1434 1205 1518 1262 16),
1548 1213 1587 1249 et
1615 1207 1773 1261 exigent
1802 1220 1897 1248 con-

405 1285 582 1321 sensum,
612 1278 652 1314 et
671 1285 761 1313 cum
780 1270 896 1325 plene
914 1272 1200 1321 consenserint,
1230 1270 1554 1326 obtemperabunt
1574 1272 1621 1313 ei.
1670 1271 1747 1313 Ubi
1766 1279 1895 1314 autem

404 1335 550 1378 factum
580 1335 695 1377 fuerit
722 1335 933 1387 silentium,
970 1350 1070 1378 unus
1099 1350 1120 1377 e
1148 1336 1284 1391 primis
1315 1336 1510 1391 episcopis
1540 1336 1781 1378 oblationem
1813 1351 1897 1391 per-

405 1399 499 1451 ficit,
534 1407 574 1442 et
602 1399 747 1442 electus
776 1414 867 1442 cum
896 1399 1048 1442 duobus
1077 1401 1269 1455 episcopis
1298 1400 1413 1443 stabit
1440 1400 1488 1442 ad
1516 1401 1614 1442 latus
1650 1401 1777 1443 altaris
1806 1416 1895 1443 cum

405 1465 575 1507 silentio.
632 1465 680 1507 C.
710 1466 758 1507 A.
789 1465 892 1516 VIII,
922 1480 960 1519 4.

516 1543 552 1571 2.
583 1529 817 1572 Chirotonia
835 1544 952 1585 super
970 1530 1172 1581 diaconos,
1200 1531 1425 1584 Denzing‘er
1453 1530 1477 1572 l.
1499 1544 1532 1572 c.
1553 1545 1589 1585 p.
1616 1543 1709 1583 129:
1741 1531 1894 1572 Canon.

407 1594 612 1637 Diaconus
632 1609 715 1636 non
734 1594 929 1637 benedicit
949 1609 1076 1650 neque
1096 1595 1411 1637 benedictionem
1442 1595 1518 1644 dat,
1547 1595 1617 1637 sed
1645 1611 1665 1637 a
1694 1595 1896 1637 sacerdote

405 1659 638 1701 mandatum
667 1660 818 1714 accipit,
847 1660 993 1702 scilicet
1011 1659 1058 1702 ab
1078 1661 1266 1715 episcopo
1287 1660 1347 1702 vel
1367 1660 1609 1715 presbytero,
1640 1675 1804 1715 eamque
1833 1660 1896 1702 dat

405 1724 555 1780 populo
584 1738 666 1766 non
695 1731 738 1766 ut
765 1724 959 1776 sacerd05‚
988 1724 1057 1766 sed
1086 1732 1128 1767 ut
1156 1724 1362 1776 diaconus3
1391 1724 1656 1767 sacerdotibus
1676 1726 1781 1766 enim
1812 1739 1895 1766 non

405 1788 494 1831 licet
523 1803 625 1843 opus
652 1789 807 1831 diaconi
835 1789 1010 1844 implere,
1045 1789 1202 1845 quando
1241 1790 1428 1832 diaconus
1457 1790 1578 1832 adest.
1635 1790 1682 1832 C.
1713 1792 1761 1831 A.
1792 1790 1895 1841 VIII,

406 1856 470 1905 28,
499 1866 622 1908 4—5·

513 1918 674 1952 Particula
697 1918 726 1952 11
749 1918 880 1963 quidem
902 1920 1037 1953 nomine
1061 1920 1286 1964 apostolorum
1311 1926 1408 1954 caret.
1449 1920 1582 1953 Nomen
1605 1926 1714 1954 autem
1738 1920 1895 1954 excidisse

404 1973 541 2006 videtur.
586 1972 726 2006 Arabica
749 1973 909 2018 expositio
937 1973 1064 2014 saitem,
1093 1979 1128 2006 ut
1150 1974 1339 2017 Denzinger
1369 1974 1512 2015 adnotat,
1543 1984 1705 2007 canonem
1735 1974 1894 2018 apostolis

403 2027 557 2061 attribuit.
604 2027 731 2061 Revera
755 2037 862 2060 canon
884 2037 903 2060 e
927 2027 1223 2063 Constitutionibus
1242 2028 1329 2067 vm,
1353 2028 1404 2069 28,
1427 2037 1509 2070 4—5
1536 2028 1759 2073 depromptus,
1783 2038 1895 2061 versus

403 2081 484 2115 alter
513 2087 625 2115 autem
652 2079 734 2115 false
761 2081 943 2116 intellectus
973 2088 1032 2115 est.
1078 2080 1236 2116 Particula
1266 2082 1280 2115 1
1310 2082 1400 2126 plura
1432 2083 1563 2127 quidem
1593 2083 1700 2116 minus
1729 2088 1827 2122 recte,
1863 2084 1894 2115 in

404 2135 594 2169 universum
621 2140 732 2169 autem
761 2134 1022 2170 Constitutiones
1051 2136 1135 2177 vm,
1164 2145 1185 2176 4
1212 2142 1281 2170 tam
1310 2136 1449 2171 fideliter
1476 2137 1589 2178 reddit,
1624 2143 1658 2170 ut
1689 2137 1776 2170 haud
1806 2137 1895 2181 parvi

403 2189 607 2223 aestimanda
630 2189 682 2223 sit.
728 2189 830 2223 Cuius
859 2190 974 2223 aetatis
1002 2191 1081 2223 ritus
1104 2190 1339 2224 Maronitarum
1368 2191 1421 2231 sit,
1451 2202 1516 2236 quo
1544 2191 1688 2231 traditur,
1716 2192 1895 2224 accuratius

400 2243 528 2277 definiri
551 2243 673 2288 nequit.
711 2243 835 2277 Moneo
857 2249 978 2286 autem,
1002 2244 1035 2277 in
1058 2244 1223 2289 symbolo,
1247 2245 1335 2289 quod
1358 2246 1532 2291 episcopus
1556 2246 1796 2279 consecrandus
1819 2254 1915 2287 pr0-'

401 2296 519 2338 fitetur,
549 2297 668 2342 synodi
691 2297 856 2331 Nicaenae
878 2298 907 2331 11
930 2304 963 2332 et
985 2299 1019 2331 in
1042 2298 1189 2332 sectione
1211 2305 1369 2343 sequente
1398 2310 1434 2332 ac
1463 2300 1503 2333 de
1527 2300 1774 2334 consecratione
1798 2299 1895 2343 patri-

400 2351 520 2385 archae
543 2356 663 2396 agente
687 2350 805 2395 Ignatii
827 2351 1182 2397 Constantinopolitani
1206 2354 1242 2397 (†
1265 2353 1344 2396 877)
1367 2359 1400 2387 et
1422 2353 1651 2387 oboedientiae
1675 2364 1752 2397 erga
1771 2353 1893 2386 Roma-

401 2416 480 2439 num
505 2404 698 2449 pontificem
720 2406 924 2463 mentionem
946 2406 1026 2440 fieri.
1071 2405 1123 2440 Cf.
1146 2407 1333 2450 Denzinger
1357 2407 1376 2441 1.
1400 2418 1428 2440 c.
1452 2418 1483 2450 p.
1511 2417 1586 2450 193;
1610 2416 1682 2448 ²¹5·
