2457 3436
679 385 999 415 coxsmu-rlouss
1025 385 1303 421 Αεοετοιοιιυυ,
1334 387 1372 420 ιι,
1403 388 1452 424 15,
1475 387 1592 425 4—16,
1616 388 1646 418 3.
1856 377 1905 416 61

472 481 634 535 ἀπόληται,
664 479 781 530 ὅπως
799 484 865 523 καὶ
888 480 912 524 ὁ
933 481 1032 530 λαός
1053 486 1302 534 ι·ουθετῆται
1332 483 1400 523 καὶ
1430 479 1453 524 ὁ
1471 478 1706 535 ἁμαρτήσας
1731 482 1785 536 μὴ
1803 482 1909 524 κατὰ

473 552 528 589 πᾶν
553 546 756 600 ἀπόληται.
829 561 866 599 4.
914 548 974 588 δεῖ
1012 548 1058 588 δέ
1094 559 1149 596 σε,
1190 540 1226 587 ὦ
1260 547 1466 595 ἐπίσκοπε,
1508 545 1606 598 μήτε
1634 552 1825 599 παρορᾶν
1853 547 1905 588 τὰ

475 610 682 665 ἁμαρτήματα
709 617 789 654 τοῦ
817 616 935 661 λαοῦ,
968 611 1069 664 μήτε
1095 611 1194 660 τοὺς
1224 616 1532 663 μετανοοῦντας
1559 609 1905 663 ἀποστρέφεσθαι,

477 677 551 725 ὅπως
570 677 613 729 μὴ
630 679 872 735 διαφθείρῃς
889 675 946 726 ὡς
965 676 1133 728 ἄπειρος
1161 677 1212 718 τὸ
1237 679 1433 729 ποίμνιον
1451 679 1595 727 κυρίου
1614 678 1684 717 καὶ
1710 679 1907 729 φαυλίσῃς

477 739 562 783 αἰτοῦ
584 742 625 783 τὸ
657 742 788 795 ὄνομα
806 741 857 784 τὸ
886 742 1032 784 καινὸν
1059 742 1111 784 τὸ
1130 743 1187 790 εἰς
1213 742 1292 784 τὸν
1320 742 1423 784 λαὸν
1445 740 1578 784 αὐτοῦ
1605 742 1810 792 ἐπιτεθέν,
1837 745 1904 784 καὶ
1951 750 1970 779 5

478 803 677 859 ὄνειδισθήση
705 808 898 866 καθάπερ
926 809 994 848 καὶ
1022 807 1061 849 οἱ
1088 810 1256 849 παλαιοὶ
1283 811 1485 860 ποιμένες,
1513 809 1605 858 περὶ
1635 823 1696 847 ων
1718 806 1852 859 ἔλεγεν
1883 806 1906 850 ὁ

478 872 543 919 θεὸς
564 877 615 924 τῷ
640 871 823 924 Ἶερεμία*
858 876 1083 926 „Homine
1115 877 1264 915 πολλοὶ
1299 874 1538 932 διέφθειραν
1572 873 1650 915 τὸν
1684 871 1907 925 ἁμπελῶνά

477 951 537 986 μου,
556 937 739 989 ἐμόλυναν
756 938 832 990 τὴν
860 940 1136 997 κληρονομίαν
1162 942 1284 990 μου“,
1313 941 1381 980 καὶ
1400 941 1445 979 ἐν
1467 929 1630 986 ἄλλοις·
1659 937 1777 988 „zm
1806 939 1906 987 τοὺς

478 1004 614 1052 ποιμένας
639 1003 895 1055 παρωξύνθη
925 1002 949 1045 ὁ
981 1003 1113 1054 θυμός
1140 1019 1231 1056 μου,
1270 1005 1338 1045 καὶ
1365 1004 1430 1045 ἐπὶ
1465 1003 1563 1063 τοὺς
1593 1002 1747 1056 α’μνούς
1774 1000 1907 1057 όργισ-

479 1065 637 1118 θήσομαι“,
676 1071 744 1109 καὶ
777 1069 824 1110 ἐν
857 1068 1010 1120 ἑτέροις
1025 1082 1033 1090 ·
1073 1067 1222 1121 „Tang
1257 1069 1296 1110 οἱ
1333 1069 1450 1121 ἱερεῖς
1484 1060 1819 1121 οἷ-φαυλίζοντες
1853 1070 1903 1111 τὸ
1931 1071 1972 1103 10

479 1128 565 1182 ὄνομά
584 1138 692 1184 μου“.

549 1197 634 1239 XVI.
687 1197 804 1240 Ἰδών
843 1199 886 1239 δὲ
923 1197 974 1240 σύ
1007 1197 1083 1240 τόν
1117 1197 1396 1252 ἡμαρτηκότα,
1433 1201 1676 1252 πικρανθεὶς
1714 1201 1907 1241 κέλευσον

477 1259 565 1302 αὐτὸν
590 1262 661 1314 ἔξω
696 1267 921 1318 βληθῆναι·
962 1265 1030 1305 καὶ
1061 1262 1275 1315 ἐξελθόντι
1317 1259 1433 1316 αἰτῴ
1471 1265 1833 1315 πικραινέσθωσαν
1868 1265 1906 1307 οἱ

478 1323 619 1378 διάκονοι,
644 1330 712 1370 καὶ
728 1329 1016 1383 ἐπιζητοῦντες
1034 1331 1318 1381 κατεχέτωσαν
1336 1325 1466 1370 αὐτὸν
1489 1328 1570 1380 ἔξω
1589 1334 1663 1382 τῆς
1681 1320 1906 1385 ἐκκλησίας,

477 1393 521 1430 καὶ
540 1393 768 1441 εἰσελθόντες
795 1391 901 1446 ὑπὲρ
930 1391 1061 1435 αὐτοῦ
1089 1405 1132 1435 σε
1160 1391 1454 1447 ἐρωτάτωσαν·
1485 1395 1552 1434 καὶ
1579 1393 1658 1446 γὰρ
1684 1390 1788 1447 ὑπὲρ
1816 1400 1905 1436 τῶν
1932 1393 1972 1426 ¹⁵

477 1450 710 1509 ἡμαρτηκότων
735 1456 760 1500 ὃ
790 1457 929 1512 σωτὴρ
956 1457 1035 1500 τὸν
1061 1459 1220 1511 πατέρα
1258 1454 1386 1512 ἠξίου,
1426 1455 1484 1506 ὥς
1516 1459 1737 1511 γέγραπται
1771 1459 1816 1501 ἐν
1844 1464 1906 1513 τῷ

479 1518 668 1576 Εὔαγγελίφ·
703 1522 882 1576 ,,Πάτερ,
922 1521 1022 1575 ἄφες
1055 1522 1207 1573 αὐτοῖς,
1243 1522 1296 1564 ου’
1327 1523 1404 1577 γὰρ
1439 1523 1609 1573 οἴδασιν,
1646 1520 1669 1565 ὃ
1702 1528 1905 1566 ποιοῦσι“.

477 1594 502 1623 2.
520 1585 587 1628 τότε
611 1588 656 1629 σὺ
684 1588 888 1637 κελεύσεις
914 1589 1114 1630 εἰσελθεῖν
1132 1584 1272 1638 αὐτόν,
1302 1589 1368 1629 καὶ
1395 1585 1632 1641 ἀνακρίνας,
1661 1589 1696 1629 εἰ
1718 1598 1908 1641 μετανοεῖ

476 1650 521 1688 καὶ
535 1649 620 1701 ἄξιός
635 1653 746 1695 ἐστιν
765 1653 822 1701 εἰς
838 1653 1057 1707 ἐκκλησίαν
1076 1651 1186 1703 ὅλως
1199 1655 1523 1707 παραδεχθὴναι,
1551 1652 1754 1703 στιβιόσας
1774 1653 1905 1696 αὐτὸν

476 1708 588 1766 ἡμέραις
616 1724 813 1772 νηστειῶν
848 1718 954 1761 κατὰ
982 1718 1032 1760 τὸ
1065 1708 1294 1772 mnan,
1329 1716 1551 1770 ἑβδομάδας
1586 1718 1662 1759 δύο
1694 1716 1719 1772 ἢ
1748 1727 1855 1771 τρεῖς
1881 1716 1906 1774 ἢ
1929 1718 1971 1748 ²⁰

475 1778 597 1834 πέντεῆ
622 1782 732 1833 ἑπτά,
764 1782 900 1832 οὕτως
927 1782 1058 1825 αὐτὸν
1077 1782 1302 1833 ἀπόλυσον,
1332 1784 1448 1831 εἴπας
1476 1779 1605 1836 αὐτῷ,
1636 1781 1716 1825 ὅσα
1744 1780 1904 1838 ἁρμόζει

476 1838 666 1900 ἡμαρτηκότι
695 1849 753 1898 εἰς
781 1851 1004 1891 νουθεσίαν
1022 1849 1328 1900 ἐπιπλήσσοντα
1357 1848 1561 1890 διδάσκειν
1587 1850 1655 1890 καὶ
1677 1858 1905 1902 παραινεῖν,

477 1901 554 1956 ὅπως
577 1917 678 1966 μείνῃ
711 1913 811 1966 παρ’
844 1913 980 1968 ἑαυτῷ
1008 1917 1351 1965 ταπεινοφρονῶν
1385 1915 1452 1954 καὶ
1487 1912 1677 1967 δεόμενος
1705 1918 1780 1956 τοῦ
1801 1919 1907 1957 θεοῦ

475 1982 568 2025 ῖῡκίῑν
593 1975 712 2020 αὑτοῦ
745 1976 952 2031 εὐμενοῦς,
987 1981 1053 2020 καὶ
1088 1980 1234 2031 λέγειν·
1273 1975 1387 2027 ,,Ἐὰν
1424 1975 1906 2038 ἁᾞι-ίαῄς-παρατηρήσῃ,

474 2033 561 2097 ἔξεο-ιε-
574 2043 682 2094 κύριε,
716 2046 779 2093 τίς
812 2043 1109 2098 ὑποστήσεταις
1164 2042 1231 2085 ὅτι
1264 2044 1376 2096 παρὰ
1403 2045 1467 2085 σοὶ
1502 2042 1525 2085 ὃ
1561 2043 1728 2097 ἱλασμός
1755 2044 1905 2087 ἐστιν“.
1930 2039 1974 2072 2⁶

476 2109 500 2147 3-
522 2110 677 2149 τοιοῦτον
710 2108 789 2161 γάρ
817 2125 857 2150 τι
886 2107 1127 2162 ὕπεμᾳαίνει
1156 2110 1224 2150 καὶ
1259 2109 1310 2151 τὸ
1347 2110 1391 2149 ἐν
1426 2112 1475 2161 τῇ
1506 2110 1663 2151 Γενέσει
1698 2110 1908 2164 εἰρημένον

494 2181 673 2196 *x—

552 2213 632 2249 7Ier.
657 2225 704 2256 12,
732 2226 780 2250 10.
806 2236 844 2239 ——
869 2219 890 2251 8
913 2217 1006 2250 Zach.
1033 2227 1082 2256 xo,
1109 2227 1135 2260 3.
1160 2237 1198 2240 —
1228 2221 1269 2251 10
1291 2217 1366 2250 Mal.
1388 2227 1413 2257 1,
1432 2216 1461 2250 6.
1488 2236 1527 2242 —
1556 2221 1592 2251 17
1614 2216 1691 2257 Luc,
1717 2227 1767 2260 23,
1794 2227 1843 2260 34.
1868 2238 1906 2241 —

473 2259 559 2330 ἒξ-
579 2276 636 2311 ¹29.
660 2279 686 2312 3·
709 2280 742 2312 4·

502 2394 508 2403 ί
556 2351 754 2390 Ῑᾶπόλλυται
774 2356 795 2389 b
811 2366 843 2396 ο,
866 2356 946 2390 item
969 2357 990 2390 l.
1009 2366 1027 2390 2
1047 2357 1052 2398 Ι
1076 2360 1125 2398 112
1148 2352 1247 2396 ὅπως
1263 2376 1301 2380 -
1320 2354 1493 2400 ἀπόληται
1510 2362 1553 2396 >
1573 2357 1595 2390 h
1615 2359 1619 2397 Ι
1639 2360 1660 2390 2
1681 2353 1797 2390 πάντα
1819 2356 1839 2389 b
1855 2367 1876 2389 0
1904 2358 1907 2398 Ι

472 2407 538 2438 μ’·ἐ
557 2415 563 2436 ²
580 2406 617 2451 μὴ
639 2410 657 2442 b
685 2412 691 2452 Ι
722 2413 742 2444 3
765 2413 831 2445 τοῦ
855 2415 896 2449 >
922 2410 944 2443 h
968 2413 973 2453 Ι
1000 2415 1020 2444 4
1042 2412 1170 2454 κυρίου
1194 2423 1201 2444 :
1225 2414 1290 2446 τοῦ
1313 2424 1346 2445 κ.
1370 2412 1402 2452 h,
1427 2414 1490 2446 τοῦ
1511 2413 1660 2454 χριστοῦ
1684 2410 1704 2443 b
1728 2420 1749 2443 ο
1777 2412 1781 2450 Ι
1806 2412 1827 2444 6
1849 2412 1908 2444 καὶ

473 2451 506 2485 >
525 2465 540 2496 Ρ
556 2470 571 2490 v
609 2466 654 2501 617
676 2459 696 2498 ὃ
721 2462 810 2504 θεὸς
833 2468 876 2504 >
902 2475 921 2508 p
945 2476 966 2497 v
992 2465 997 2509 Ι
1023 2468 1064 2499 12
1086 2466 1297 2507 πικρανθείς
1320 2476 1327 2498 :
1352 2466 1414 2499 καὶ
1437 2477 1472 2499 π.
1497 2465 1516 2498 b
1540 2476 1561 2498 o
1587 2467 1591 2505 ¹.
1617 2460 1792 2506 κελεύσης
1813 2464 1833 2496 b
1856 2474 1878 2498 o
1904 2466 1907 2505 ἶ

476 2505 505 2537 ¹3
521 2512 663 2558 βληθῆναι
686 2530 694 2551 :
717 2517 863 2562 ῥιφῆναι
888 2519 907 2552 b
931 2529 953 2551 o
974 2520 977 2559 Ι
998 2516 1184 2560 ἐξελθόντι
1209 2517 1307 2564 αὐτῷ
1323 2530 1331 2553 :
1350 2518 1523 2559 ἐξελθιῦτι
1541 2515 1651 2553 αὐτοῦ
1668 2518 1687 2550 b
1703 2528 1725 2551 0
1746 2519 1749 2558 Ι
1769 2529 1911 2561 πικραι-

476 2557 637 2603 νέ’ῖθιιισιινε
653 2571 908 2614 κρινέσθωσαν
930 2584 949 2617 p
966 2585 986 2605 v
1006 2575 1011 2616 Ι
1034 2576 1074 2608 15
1098 2570 1329 2612 εἰσελθόντος
1352 2583 1373 2606 o
1393 2575 1398 2614 Ι
1419 2584 1461 2607 σε
1477 2577 1520 2612 >
1541 2583 1561 2616 p
1580 2585 1599 2605 v
1619 2574 1625 2614 Ι
1645 2568 1884 2615 ἐρωτάτωσαν
1902 2583 1909 2605 :

474 2619 726 2674 ‘'‘f'i’ffxoelt'twoev
747 2626 778 2668 b,
801 2620 1095 2670 παρακαλοῦντες
1118 2638 1139 2660 o
1159 2629 1163 2669 Ι
1187 2629 1226 2662 16
1250 2623 1350 2670 ἠξίου
1373 2624 1436 2660 τὸν
1457 2626 1594 2669 πατέρα
1610 2637 1630 2670 p
1649 2637 1669 2658 v
1690 2628 1693 2666 Ι
1717 2629 1755 2660 17
1779 2621 1800 2660 ὃ
1822 2637 1840 2659 a
1856 2626 1878 2659 h
1902 2638 1909 2659 :

476 2672 499 2696 tc
516 2667 532 2700 b
548 2682 565 2704 0
581 2687 596 2718 Ρ
615 2681 652 2721 vl
675 2683 714 2715 18
737 2678 781 2715 σὺ
797 2684 841 2720 >
857 2681 878 2714 b
902 2691 923 2714 ο
943 2684 947 2723 Ι
971 2684 1011 2715 19
1035 2681 1087 2720 εἰς
1103 2679 1200 2715 gam..
1223 2692 1232 2715 x
1256 2680 1447 2724 ἐκκλησίας
1463 2681 1482 2713 b
1498 2690 1520 2714 ο
1537 2680 1543 2723 Ι
1565 2674 1658 2719 ὅλως
1680 2675 1780 2723 (ὅλος
1803 2690 1824 2714 ο
1841 2681 1878 2724 p)
1902 2692 1910 2713 :

477 2725 531 2754 ³⁰¹⁸
549 2727 587 2767 εἰς
604 2731 690 2769 gaen.
712 2735 735 2768 h
758 2745 779 2778 p
802 2737 846 2777 νΙ
867 2732 1052 2779 στιβιόσας
1075 2747 1082 2768 :
1106 2738 1300 2779 στιλβοσον
1322 2735 1343 2768 b
1366 2745 1388 2768 0
1406 2736 1411 2777 Ι
1432 2738 1475 2769 20
1499 2730 1646 2778 ἡμέραις
1668 2744 1687 2767 a
1709 2734 1731 2766 h
1750 2746 1757 2767 ι
1777 2729 1912 2777 ἡμέρας

477 2767 492 2799 b
509 2783 557 2837 ⁰ss
574 2788 659 2826 γ121
682 2786 768 2823 ἑπτὰ
786 2793 824 2829 -Ι-
845 2790 906 2823 καὶ
929 2790 950 2823 b
966 2800 988 2823 o
1008 2791 1012 2830 Ι
1034 2787 1147 2825 εἰπών
1168 2790 1190 2823 h
1214 2799 1236 2823 0
1256 2791 1260 2830 Ι
1280 2792 1322 2823 22
1347 2789 1398 2828 εἰς
1420 2792 1521 2824 νουθ.
1547 2784 1766 2832 ἡμαρτηκότι
1790 2788 1810 2820 b
1826 2787 1848 2820 h
1864 2797 1886 2821 ο
1904 2788 1908 2829 Ι

478 2825 615 2871 ἇιδαΰκειν
627 2852 634 2874 :
648 2842 685 2876 δὲ
700 2846 765 2877 διδ.
782 2843 814 2878 εἳ
835 2844 887 2887 (εἳ
903 2848 947 2883 >
965 2844 1001 2887 b)
1016 2842 1059 2887 δὴ
1075 2844 1096 2878 b
1113 2854 1135 2877 0
1155 2848 1159 2886 Ι
1179 2847 1221 2878 23
1238 2841 1278 2878 τὸ
1296 2847 1352 2878 θῶ
1368 2854 1390 2877 o
1410 2845 1414 2883 Ι
1433 2847 1477 2878 24
1492 2842 1630 2886 λέγειν
1646 2845 1683 2883 -Ι-
1702 2839 1812 2876 αὐτὸν
1827 2840 1847 2874 b
1865 2851 1887 2874 o
1904 2846 1909 2878 1

479 2886 658 2938 παθαῡιοὴσῃ
674 2907 690 2930 a
707 2897 729 2930 h
747 2907 769 2930 0
785 2909 828 2931 v:
846 2894 975 2941 ορήσης
990 2899 1010 2931 b
1029 2909 1048 2942 p
1070 2900 1074 2939 Ι
1093 2902 1135 2933 2ὃ
1152 2901 1219 2933 σοῦ
1237 2898 1258 2931 b
1273 2908 1295 2931 o
1313 2910 1333 2942 p
1354 2900 1421 2939 126
1437 2896 1575 2942 γάρττί
1592 2894 1660 2940 γὰρ
1677 2906 1699 2929 o
1719 2900 1723 2936 Ι
1743 2907 1775 2929 τι
1793 2906 1801 2928 :
1818 2907 1873 2929 τοι
1890 2905 1912 2928 o
