2457 3436
790 389 1117 419 cons‘rlwrlomm
1144 389 1411 420 APOSTOLORUM
1439 390 1519 419 vm.
1847 380 1897 418 79

398 480 736 539 ἇλειτούργητον,
766 482 790 527 ὁ
810 481 894 527 ἀπὸ
911 488 1144 539 καταβολῆς
1161 485 1318 538 κόσμου
1337 484 1559 539 εὐδοκήσας
1581 485 1627 527 ἐν
1647 482 1707 533 οἶς
1725 482 1900 538 ᾑρετίσω

401 551 677 602 δοξασθῆναι·
726 562 762 603 3.
790 551 859 591 καὶ
886 554 964 591 νῦν
992 550 1119 602 ἐπίχεε
1148 549 1225 603 τὴν
1249 549 1362 603 παρὰ
1380 556 1457 591 σοῦ
1477 549 1651 602 δύναμιν
1679 555 1785 600 „tofi
1811 547 1899 604 ἦγε-

401 619 578 667 μονικοῦ
604 614 876 667 πνεύματος“,
907 612 1008 668 ὅπερ
1036 614 1103 656 διὰ
1129 620 1209 657 τοῦ
1226 613 1488 669 η’γαπημένου
1508 626 1584 656 σου
1605 614 1753 663 παιδὸς
1768 610 1899 669 Ἰησοῦ

404 682 591 733 Χριστοῦ
627 679 852 734 δεδώρησαι
885 689 972 728 τοῖς
1006 678 1134 733 ἁγίοις
1168 691 1244 721 σου
1277 679 1538 729 α’ποστόλοις,
1575 680 1617 721 οἳ
1642 681 1898 733 καθίδρυσαν

402 743 481 797 τὴν
507 745 727 799 ἐκκλησίαν
760 744 866 787 κατὰ
899 744 1034 786 τόπον
1069 742 1315 798 ἁγιάσματός
1343 756 1419 786 σου
1446 745 1502 793 εἰς
1530 744 1657 796 δόξαν
1684 746 1750 786 καὶ
1779 743 1897 786 αἶνον
1942 755 1964 785 5

404 806 670 852 ἀδιάλειπτον
702 815 781 852 τοῦ
808 809 1018 863 όνόματός
1045 822 1131 852 σου.
1188 824 1226 864 4.
1257 811 1569 863 καρδιογνῶστα
1603 808 1788 859 πάντων,
1825 810 1899 859 δὸς

403 875 471 916 ἐπὶ
497 874 578 916 τὸν
605 873 759 916 δοῦλόν
786 886 862 916 σου
889 880 1056 926 τοῦτον,
1092 872 1141 917 ὃν
1175 876 1340 926 ἐξελέξω
1375 876 1430 923 εἰς
1458 874 1688 929 ἐπισκοπήν
1716 886 1793 916 σου
1819 874 1897 929 τὴν

403 938 537 993 ἁγίαν,
565 942 632 981 καὶ
654 938 953 993 ἀρχιερατεύων
973 951 1037 981 σοι
1058 936 1289 992 ἀμέμπτως,
1317 943 1636 993 λειτουργοῦντα
1656 939 1808 989 νυκτὸς
1829 942 1898 981 καὶ

403 1002 567 1059 ἡμέρας,
602 1003 874 1053 ἀδιαλείπτως
900 1020 945 1046 τε
973 1004 1216 1047 ἱλάσκεσθαι
1244 1009 1305 1057 τῷ
1331 1004 1545 1057 προσώπῳ
1574 1016 1651 1046 σου
1678 1006 1747 1046 καὶ
1773 1016 1898 1057 προσ-

403 1070 544 1122 φέρειν
570 1081 636 1110 σοι
663 1069 716 1111 τὰ
739 1071 853 1123 δῶρα
871 1074 942 1124 τῆς
961 1067 1076 1123 ἁγίας
1093 1081 1169 1111 σου
1188 1070 1402 1124 ἐκκλησίας
1429 1071 1498 1111 καὶ
1524 1073 1585 1122 τῷ
1607 1069 1807 1122 πνεύματι
1835 1073 1898 1121 τῶ
1923 1078 1966 1110 10

404 1131 678 1187 ἀρχιερατικοῦ
704 1133 809 1187 ἔχειν
836 1135 1022 1186 ἐξουσίαν
1040 1130 1231 1186 »ἀφιέναι
1250 1132 1472 1188 ἁμαρτίας“
1500 1134 1606 1176 κατὰ
1630 1133 1708 1188 τὴν
1724 1133 1899 1189 ἐντολήν

403 1210 495 1250 σου,
523 1199 684 1241 διδόναι
711 1197 887 1254 κλήρους
914 1199 1021 1241 κατὰ
1047 1199 1097 1241 τὸ
1125 1198 1366 1252 πρόσταγμά
1395 1210 1482 1250 σου,
1521 1199 1664 1250 ,,λύειν
1687 1215 1732 1241 τε
1758 1199 1898 1241 πάντα

403 1264 663 1317 σύνδεσμον“
690 1264 795 1306 κατὰ
824 1264 903 1317 τὴν
931 1265 1132 1316 ἐξουσίαν,
1166 1263 1217 1318 ἣν
1245 1264 1401 1312 ἔδωκας
1427 1273 1517 1313 τοῖς
1544 1263 1806 1313 ἀποστόλοις,
1836 1263 1899 1306 εὕ-

404 1338 591 1382 αρεστεῑν
623 1344 669 1371 τε
702 1330 766 1370 σοὶ
799 1329 844 1370 ἐν
878 1329 1080 1384 πραότητι
1113 1331 1182 1371 καὶ
1214 1333 1381 1385 καθαρᾷ
1414 1330 1573 1384 καρδίᾳ,
1607 1328 1899 1383 προσφέρονταί

403 1405 470 1435 σοι
505 1390 669 1448 »ὀσμὴν
704 1393 877 1443 εὐωδίας
914 1394 981 1436 διὰ
1016 1398 1092 1436 τοῦ
1123 1394 1272 1443 παιδός
1307 1406 1382 1437 σου
1411 1390 1568 1448 Ἰησοῦ“
1601 1398 1785 1447 Χριστοῦ
1822 1399 1898 1436 τοῦ
1924 1401 1965 1433 15

402 1460 550 1511 κυρίου
577 1456 707 1512 ἡμῶν,
735 1458 832 1512 μεθ’
850 1454 900 1501 οὗ
920 1470 986 1501 σοι
1015 1458 1125 1511 δόξα,
1154 1459 1320 1512 κράτος,
1349 1458 1444 1512 τιμὴ
1474 1458 1551 1500 σὺν
1574 1457 1677 1512 ἁγίῳ
1696 1459 1897 1512 πνεύματι

402 1527 483 1565 νῦν
510 1525 581 1565 καὶ
608 1519 671 1566 ἀεὶ
697 1525 766 1566 καὶ
793 1525 850 1573 εἰς
876 1524 977 1573 τοὺς
1005 1525 1160 1573 αἰῶνας
1188 1530 1277 1566 τῶν
1306 1524 1491 1565 αἰώνων·
1521 1522 1641 1577 α’μήν.

655 1643 694 1684 V
723 1642 846 1698 (ΧΠ).
875 1648 988 1699 Περὶ
1016 1648 1292 1699 χειροτονίας
1320 1647 1649 1699 πρεσβυτέρου.

519 1732 553 1761 1.
578 1715 684 1776 Ἐγώ,
701 1717 725 1760 ὁ
744 1717 989 1772 φιλούμενος
1016 1716 1099 1761 ὑπὸ
1127 1723 1204 1761 τοῦ
1223 1721 1368 1773 κυρίου
1395 1718 1662 1771 διατάσσομαι
1691 1715 1786 1771 ὑμῖν
1812 1727 1898 1779 τοῖς

402 1782 661 1832 ἐπισκόποις·
685 1796 721 1826 2.
739 1784 1023 1838 Πρεσβύτερον
1039 1788 1303 1837 χειροτονῶν,
1324 1782 1361 1825 ὦ
1375 1784 1584 1834 ἑπισκοπε,
1605 1782 1682 1837 τὴν
1697 1792 1811 1836 χεῖρα
1830 1783 1898 1824 ἐπὶ
1921 1790 1965 1821 20

402 1853 477 1902 τῆς
505 1852 683 1902 κεφαλῆς
719 1849 895 1891 ἐπιτίθει
924 1848 1062 1900 αὐτός,
1097 1855 1176 1891 τοῦ
1207 1852 1500 1902 πρεσβυτερίου
1532 1847 1799 1901 παρεστῶτός
1834 1859 1900 1889 σοι

402 1916 473 1956 καὶ
500 1919 593 1955 τῶν
620 1912 841 1965 διακόνων,
869 1916 937 1955 καὶ
965 1914 1232 1967 ἐπευχόμενος
1260 1916 1365 1967 λέγε·

712 2032 780 2075 VI.
811 2033 933 2088 Εὐχή
960 2038 1236 2089 χειροτονίας
1263 2037 1593 2088 πρεσβυτέρου.

519 2123 553 2151 1.
584 2108 708 2162 Κύριε
730 2109 1036 2162 παντοκράτορ,
1067 2107 1090 2151 ὁ
1118 2108 1304 2159 βασιλεὺς
1332 2107 1461 2162 ἡμῶν,
1493 2107 1516 2151 ὁ
1547 2107 1614 2150 διὰ
1635 2111 1819 2162 Χριστοῦ
1848 2107 1901 2149 τὰ

402 2173 541 2217 πάντα
561 2173 858 2228 δημιουργήσας
876 2176 944 2216 καὶ
963 2170 1010 2215 δι’
1034 2172 1166 2215 αὐτοῦ
1190 2179 1279 2215 τῶν
1303 2169 1414 2215 ὅλων
1433 2177 1648 2227 προνοῶν·
1676 2173 1900 2225 ἐπίβλεψον
1921 2177 1965 2209 25

403 2241 474 2282 καὶ
507 2244 589 2281 νῦν
621 2239 685 2281 ἐπὶ
719 2239 801 2293 τὴν
834 2237 953 2293 ἁγίαν
987 2251 1064 2281 σου
1096 2239 1312 2293 ἐκκλησίαν
1349 2240 1417 2280 καὶ
1449 2237 1629 2293 αὔξησον
1664 2237 1799 2290 αὐτὴν
1831 2239 1900 2279 καὶ

402 2303 628 2359 πλήθυνον
655 2304 753 2353 τοὺς
786 2304 832 2346 ἐν
860 2300 965 2357 αὐτῇ
997 2309 1264 2358 προεστῶτας
1297 2304 1365 2345 καὶ
1400 2302 1470 2352 δὸς
1504 2302 1676 2355 δύναμιν
1711 2301 1815 2355 πρὸς
1848 2302 1898 2343 τὸ

403 2375 561 2411 κοπιᾶν
594 2365 745 2419 αὐτοὺς
777 2367 889 2423 λόγῳ
924 2372 991 2411 καὶ
1024 2369 1130 2423 ἔργῳ
1162 2367 1266 2422 πρὸς
1299 2367 1522 2421 οἰκοδομὴν
1559 2371 1635 2409 τοῦ
1673 2371 1778 2408 λαοῦ
1811 2378 1897 2408 σου.

517 2482 533 2512 1
547 2478 631 2521 Eph.
647 2486 717 2518 1,4.
733 2497 776 2503 —
792 2481 813 2512 2
826 2476 878 2512 Ps.
894 2487 945 2520 50,
963 2485 1010 2517 ¹4·
1033 2497 1071 2501 -—
1090 2480 1110 2512 6
1127 2476 1200 2510 Act.
1223 2486 1248 2516 1,
1266 2485 1318 2517 24.
1333 2496 1376 2501 —
1394 2479 1433 2509 11
1451 2475 1563 2508 Ioann.
1580 2484 1632 2516 20,
1648 2484 1699 2518 23.
1717 2494 1757 2498 —
1777 2478 1816 2509 12
1833 2474 1898 2508 Tit.

408 2542 435 2574 1,
462 2541 491 2575 5.
515 2551 556 2556 —
580 2531 642 2566 les.
668 2532 718 2574 58,
741 2530 772 2566 6.
797 2551 839 2557 —
864 2535 905 2566 13
928 2531 987 2565 Mt.
1014 2531 1063 2571 18,
1090 2531 1139 2566 18.
1163 2551 1205 2557 -—
1230 2533 1269 2565 15
1290 2530 1373 2574 Eph.
1401 2539 1427 2572 5,
1444 2538 1477 2563 2.
1500 2549 1541 2554 —
1566 2532 1606 2564 16
1629 2529 1703 2562 Act.
1727 2537 1758 2569 4,
1785 2539 1834 2572 30.
1857 2549 1900 2554 -

405 2590 447 2622 25
471 2586 547 2631 Sap.
570 2585 602 2627 6,
625 2586 655 2621 8.
678 2606 722 2612 --
743 2589 786 2621 28
808 2586 824 2619 1
842 2585 928 2619 Tim.
956 2594 984 2628 5,
1011 2594 1060 2629 17.

517 2687 533 2717 1
548 2672 793 2726 ἢρετήσιόὴπι
813 2685 817 2725 Ι
837 2680 1121 2725 Βπνεύματος-ὶ-
1137 2685 1205 2717 σοῦ
1219 2681 1256 2723 f!
1276 2685 1296 2717 6
1312 2679 1448 2721 δὸς>δ
1463 2691 1497 2714 m
1514 2692 1529 2714 r
1549 2683 1553 2723 1
1574 2681 1729 2724 Θκαὶρτ
1745 2691 1753 2713 :
1771 2683 1836 2715 τοῦ
1852 2680 1865 2712 ἱ
1886 2680 1892 2723 Ῑ

409 2741 450 2772 10
470 2734 647 2779 πνεύματι
672 2740 709 2778 4
735 2749 802 2772 οου
824 2736 842 2771 f
859 2748 874 2771 r
902 2738 906 2778 Ι
939 2741 978 2772 13
1001 2737 1161 2776 δέδωκας
1184 2737 1204 2770 b
1228 2736 1244 2770 f
1264 2738 1271 2779 Ι
1302 2739 1343 2771 16
1365 2733 1452 2776 δόξα
1477 2744 1512 2771 >
1536 2746 1571 2769 m
1601 2737 1606 2777 Ι
1635 2737 1729 2775 20121
1755 2732 1815 2769 ἐπὶ
1837 2737 1901 2777 τῆς

407 2794 567 2834 κεφαλῆς
581 2799 617 2828 >
633 2790 652 2824 f
666 2793 671 2834 Ι
690 2796 732 2827 21
756 2790 933 2832 ἐπιτιθεῖς
955 2792 976 2824 b
995 2793 1000 2834 Ι
1020 2788 1119 2827 αὐτῶ
1141 2790 1160 2824 f
1175 2793 1179 2832 Ι
1198 2794 1242 2826 22
1266 2787 1460 2834 εὐχόμενος
1481 2801 1503 2823 n
1524 2791 1528 2832 Ι
1547 2793 1589 2824 23
1614 2786 1699 2832 εὐχὴ
1720 2791 1757 2829 -Ι-
1777 2787 1836 2823 ἐπὶ
1851 2788 1867 2821 f
1887 2788 1891 2830 Ι

407 2848 449 2879 24
470 2842 730 2889 παντοκράτωρ
753 2846 773 2879 b
788 2857 823 2879 m
843 2849 847 2889 Ι
869 2847 968 2889 25110
995 2847 1058 2880 καὶ
1074 2842 1117 2880 δι’
1133 2842 1243 2881 αὐτοῦ
1261 2864 1299 2868 -
1319 2841 1414 2887 α’μὴν
1429 2852 1464 2879 >
1483 2856 1503 2878 ν
1524 2845 1528 2884 Ι
1548 2847 1590 2878 26
1613 2845 1674 2877 καὶ
1696 2848 1759 2876 tert
1783 2851 1818 2878 >
1842 2842 1862 2875 b
1886 2842 1891 2885 Ι

407 2902 450 2934 28
473 2896 570 2944 ἔργω
592 2901 655 2934 καὶ
675 2897 773 2944 λόγω
796 2900 817 2933 b
