2457 3436
847 395 1007 425 serrone
1035 396 1137 424 mum
1166 396 1234 424 vm
1263 395 1598 425 consumi-tonum.
1877 383 1971 424 XIII

480 498 617 533 vocant
646 491 915 546 aegyptiacas3
944 506 991 533 ex
1020 491 1079 532 his
1109 490 1250 533 deinde
1278 491 1505 545 scripturam
1529 491 1743 545 profectam
1765 505 1850 533 esse
1870 491 1968 533 libro

483 556 566 597 vul
594 556 940 598 Constitutionum
970 556 1221 606 simillimam,
1258 570 1279 597 e
1309 570 1382 610 qua
1412 556 1598 610 scriptura
1627 563 1762 598 nostra
1790 564 1970 611 excerpta

483 628 595 672 essen
626 635 676 662 ex
704 620 766 662 illa
796 620 964 675 denique
984 620 1124 662 librum
1145 621 1237 662 VIII
1258 621 1598 663 Constitutionum
1627 620 1839 662 formatum
1869 635 1968 663 esse.

484 686 608 736 Quam
629 687 868 727 sententiam
886 685 998 728 multi
1018 685 1176 741 quidem
1196 685 1460 736 laudaverunt,
1480 686 1657 740 inprimis
1677 686 1869 736 Harnack,
1898 686 1968 728 sed

484 764 723 806 nequaquam
753 750 1029 804 probaverunt.
1085 751 1116 792 E
1143 751 1306 806 synopsi
1343 751 1632 804 scripturarum,
1667 765 1783 806 quam
1814 751 1968 792 Achelis

484 816 715 870 composuit,
745 814 784 856 id
812 816 940 857 solum
971 823 1141 870 apparet,
1171 816 1271 857 inter
1294 830 1358 857 eas
1388 823 1452 856 aut
1481 815 1587 856 illum
1609 815 1789 857 ordinem
1818 823 1882 856 aut
1911 816 1968 856 in-

483 894 632 922 versum
654 880 908 922 intercedere.
944 881 991 922 Et
1010 894 1145 922 revera
1164 879 1302 922 librum
1324 881 1416 921 VIII
1436 880 1777 922 Constitutionum
1798 881 1969 934 primum

485 945 608 987 locum
638 944 819 987 obtinere
847 959 924 1000 ego
954 946 992 986 in
1021 945 1119 987 libro
1149 945 1226 986 Die
1244 944 1519 1000 Apostolischen
1538 945 1833 987 Konstitutionen
1868 945 1963 997 1891

485 1011 567 1052 satis
592 1010 887 1052 demonstrasse
907 1010 1000 1051 mihi
1022 1010 1172 1052 videor.
1209 1010 1336 1060 -Quae
1356 1010 1558 1052 Harnack¹
1579 1010 1735 1060 obiecit,
1765 1024 1810 1052 ea
1829 1010 1970 1051 nullius

485 1076 674 1117 momenti
694 1082 797 1117 sunt.
845 1074 991 1116 Iterum
1020 1074 1068 1116 de
1089 1076 1317 1129 quaestione
1347 1076 1409 1128 egi
1430 1076 1469 1116 in
1499 1074 1755 1129 Theologische
1777 1074 1969 1129 Quartal-

483 1139 611 1194 schrift
648 1141 748 1193 1893
786 1154 824 1194 p.
861 1141 1087 1194 594-666.
1145 1140 1378 1182 Dissertatio
1413 1141 1529 1182 etiam
1564 1147 1736 1194 separata
1776 1139 1878 1181 edita
1912 1147 1971 1181 est

483 1204 547 1246 sub
574 1204 709 1247 titulo:
738 1205 826 1246 Das
853 1205 958 1246 achre
976 1204 1081 1246 Buch
1108 1204 1176 1246 der
1193 1205 1467 1259 Apostohkchen
1485 1205 1780 1246 Konstitutionen
1807 1205 1887 1246 und
1911 1205 1971 1246 die

482 1269 722 1311 verwandtcn
742 1268 931 1324 Schriften
958 1270 1035 1324 auf
1058 1269 1119 1310 ihr
1143 1269 1355 1310 Verhciltnis
1383 1284 1452 1310 neu
1480 1270 1694 1311 untersucht
1728 1271 1841 1323 1893.
1890 1270 1970 1311 De-

482 1333 568 1377 inde
597 1336 715 1376 etiam
745 1335 902 1375 Achelis
931 1335 971 1376 in
991 1334 1207 1389 Zeitschrift
1225 1336 1302 1389 far
1321 1335 1686 1389 Kirchengeschichte
1705 1335 1783 1377 XV
1804 1335 1969 1389 (1894),

485 1412 607 1452 1-43
631 1413 715 1440 rem
746 1398 877 1440 denuo
906 1399 1117 1454 inquisivit.
1164 1399 1329 1440 Minime
1351 1413 1445 1441 vero
1465 1401 1700 1441 sententiam
1720 1414 1829 1441 suam
1856 1400 1969 1441 stabi-

479 1464 578 1515 livit3
612 1464 730 1506 etiam
761 1464 891 1505 minus
917 1471 1147 1517 argumenta
1176 1464 1365 1515 dissolvit,
1400 1465 1538 1519 quibus
1576 1466 1805 1519 scripturam
1834 1479 1917 1506 non
1947 1479 1968 1506 e

480 1528 587 1571 fonte
603 1528 947 1571 Constitutionum
968 1527 1185 1583 deperdito,
1198 1529 1266 1570 sed
1282 1543 1303 1570 e
1318 1529 1675 1571 constitutionibus
1694 1529 1810 1571 nobis
1821 1527 1970 1571 traditis

477 1593 637 1636 fluxisse
666 1592 945 1635 demonstravi.
1002 1593 1190 1648 Equidem
1221 1594 1406 1648 respondi
1436 1595 1475 1634 in
1504 1594 1751 1635 Historisches
1778 1593 1969 1645 Jahrbuch

482 1659 598 1712 1895,
624 1660 773 1711 1—-363
802 1670 1031 1711 473—509.
1078 1659 1214 1712 Nuper
1242 1666 1451 1713 postquam
1481 1659 1780 1700 Testamentum
1804 1659 1969 1700 Domini

477 1724 616 1774 nostri,
645 1724 778 1778 quinta
806 1723 995 1776 scriptura
1023 1724 1253 1778 propinqua,
1283 1724 1321 1764 in
1342 1724 1469 1765 lucem
1490 1723 1725 1777 productum
1755 1732 1793 1765 et
1812 1738 1834 1765 a
1853 1725 1968 1778 patri-

477 1789 592 1831 archa
626 1787 656 1829 1.
691 1788 734 1829 Ε.
772 1787 962 1830 Rahmani
1000 1802 1033 1829 a.
1075 1790 1177 1841 1899
1219 1788 1366 1834 editum
1405 1789 1488 1839 fuit,
1526 1790 1798 1843 quaestionem
1837 1788 1969 1830 denuo

477 1853 633 1895 uberius
660 1853 819 1895 tractavi
848 1853 887 1894 in
916 1853 1014 1894 libro
1033 1853 1119 1894 Das
1146 1853 1354 1894 Testament
1371 1868 1520 1894 unscres
1539 1853 1669 1894 Herrn
1697 1853 1777 1894 und
1797 1853 1857 1894 die
1883 1867 1968 1894 vcr-

475 1918 654 1960 wandten
676 1917 864 1973 Schriften
888 1930 1002 1970 1901.
1051 1918 1190 1960 Adhuc
1218 1932 1314 1960 vero
1343 1918 1412 1960 sub
1441 1918 1567 1960 iudice
1588 1919 1632 1960 lis
1652 1926 1723 1960 est.
1771 1918 1970 1959 Harnack²

478 1983 638 2038 quidem
660 1984 885 2038 nuperrime
905 1997 1034 2024 meam
1055 1984 1287 2025 sententiam
1309 1983 1547 2038 approbavit,
1567 1983 1713 2025 scilicet
1732 1998 1752 2025 e
1768 1983 1865 2025 libro
1880 1983 1971 2023 VIII

476 2048 821 2090 Constitutionum
857 2055 982 2102 apost.
1019 2047 1175 2089 fluxisse
1210 2048 1433 2103 Epitomen,
1473 2062 1519 2089 ex
1555 2048 1625 2089 hac
1656 2048 1971 2090 Constitutiones

476 2112 664 2154 ecclesiae
692 2113 954 2167 aegyptiacae,
983 2126 1031 2154 ex
1059 2113 1119 2154 his
1139 2112 1325 2154 Canones
1344 2113 1548 2168 Hippolyti
1574 2113 1690 2154 nobis
1717 2112 1881 2154 traditos
1908 2112 1972 2154 vel

475 2177 647 2219 formam
668 2177 782 2219 huius
800 2178 1011 2231 scripturae
1031 2179 1310 2231 aegyptiacam.
1359 2178 1485 2219 Modo
1506 2177 1763 2233 Hippolytum
1786 2177 1971 2219 Canones

476 2255 612 2284 revera
653 2243 852 2296 scripsisse
892 2243 1051 2297 eiusque
1086 2242 1223 2283 librum
1260 2244 1501 2297 primitivum
1538 2242 1784 2297 deperditum
1819 2243 1971 2284 fontem

475 2307 562 2348 libri
584 2306 675 2348 VIII
703 2307 1045 2350 Constitutionum
1075 2322 1159 2349 esse
1189 2308 1314 2349 adhuc
1343 2315 1463 2362 putat.
1511 2308 1565 2349 O.
1595 2308 1904 2350 Bardenhewer³
1934 2314 1971 2348 et

477 2372 526 2414 C.
546 2372 588 2414 F.
609 2372 666 2413 M.
685 2371 919 2414 Deeleman⁴
948 2380 1116 2414 stemma
1144 2374 1419 2427 scripturarum
1449 2387 1470 2413 a
1490 2387 1554 2413 me
1582 2374 1827 2427 propositum
1859 2372 1971 2427 plane

474 2436 742 2479 laudaverunt.
800 2436 957 2479 Achelis
985 2445 1113 2479 autem
1145 2438 1184 2479 in
1214 2438 1515 2487 commentario,
1551 2451 1668 2491 quem
1703 2438 1875 2479 versioni
1903 2437 1971 2478 Di-

477 2500 666 2543 dascaliae
688 2502 858 2556 syriacae
878 2501 1210 2556 Flemmingianae
1238 2516 1270 2543 a.
1296 2515 1400 2556 1904
1419 2501 1576 2553 addidit,
1606 2503 1840 2543 sententiam
1860 2517 1970 2543 suam

474 2574 587 2608 tenet
605 2565 669 2608 vel
684 2566 870 2608 Canones
891 2567 1094 2622 Hippolyti
1113 2567 1264 2609 fontem
1281 2568 1505 2621 primarium
1527 2567 1676 2608 illarum
1695 2568 1969 2620 scripturarum

476 2640 626 2673 censet.

590 2744 600 2762 ¹
632 2738 847 2783 Theologische
870 2739 1001 2773 Studien
1025 2740 1090 2773 und
1114 2741 1259 2773 Kritiken
1285 2740 1365 2784 1893
1390 2751 1420 2783 p.
1444 2748 1626 2783 403—427.

588 2798 602 2816 ²
629 2793 804 2826 Gescbicbte
825 2793 883 2826 der
904 2794 1146 2827 alechristlichen
1169 2794 1347 2827 Litteratur
1369 2795 1406 2835 11,
1430 2795 1458 2827 11
1481 2795 1610 2838 (1904),
1637 2803 1815 2837 501-514.

589 2851 603 2869 ¹¹
626 2846 807 2892 patrologie
830 2847 880 2881 ed.
905 2848 935 2881 11
962 2857 1040 2892 1901
1068 2859 1098 2892 p.
1126 2857 1303 2891 311—314.

588 2905 601 2923 ⁴
627 2901 861 2935 Nederlandsch
884 2902 1019 2943 Archief
1035 2913 1116 2936 voor
1139 2903 1430 2945 Kerkgeschiedmis
1452 2903 1496 2935 111
1520 2904 1648 2947 (1904),
1672 2912 1767 2946 2319.
