2457 3436
827 744 1071 784 ΒῙΒΔῙΟΝ
1094 745 1140 783 Γ.

760 844 925 882 ΠΕΡΙ
949 842 1196 882 ΧΗΡΩΝ.

452 946 578 1000 Χήρας
611 947 653 988 δὲ
688 950 911 989 καθιστᾶτε
942 945 996 1000 μὴ
1029 945 1205 988 ἔλαττον
1236 946 1347 988 ἐτῶν
1381 945 1619 998 ἑξήκοντα“,
1657 945 1724 987 ἵνα

452 1014 488 1052 νὶ
516 1011 566 1053 τὸ
595 1015 668 1064 τῆς
696 1013 878 1064 διγαμίας
906 1010 1050 1052 αὐτῶν
1069 1008 1316 1053 ἀνύποπτον
1343 1011 1507 1061 βέβαιον
1534 1008 1631 1064 ὑμῖν
1656 1009 1722 1052 διὰ

452 1092 481 1125 ις
500 1073 671 1129 ὑπάρχῃ.
718 1088 755 1118 2.
775 1078 811 1118 εἰ
827 1077 870 1118 δὲ
888 1078 1096 1129 νεωτέραν
1114 1074 1392 1130 καταστήσητε
1411 1076 1468 1124 εἰς
1485 1075 1536 1118 τὸ
1553 1074 1725 1130 χηρικὸν

452 1142 588 1193 ἔρουσα
619 1140 701 1194 τήν
727 1141 772 1182 ἐν
800 1141 963 1195 νεότητι
993 1143 1159 1195 χηρείαν
1192 1145 1368 1195 γαμηθῇ,
1407 1139 1633 1194 α’πρέπειαν
1662 1141 1725 1194 ἐμ-

452 1211 472 1258 ῇ
499 1205 595 1258 δόξῃ
623 1210 704 1247 τοῦ
729 1210 898 1260 χηρικοῦ
925 1208 993 1248 καὶ
1021 1206 1149 1259 λόγον
1175 1204 1311 1258 ὑφέξει
1339 1210 1403 1259 τῷ
1423 1210 1525 1259 θεῷ,
1555 1202 1629 1265 σεξ-χ
1658 1202 1724 1247 ὅτι

452 1269 565 1323 γάμῳ
600 1270 806 1325 συνὴφθη,
845 1270 937 1331 Q
971 1268 1038 1313 ὅτι
1074 1270 1154 1324 τὴν
1189 1270 1336 1321 ἑαυτῆς
1372 1270 1613 1325 ἐπαγγελίαν
1637 1267 1726 1328 βοὐκ

474 1335 883 1389 ,,καταστρηνιάσασα
908 1341 989 1378 τοῦ
1011 1339 1234 1388 Χριστοῦ“.
1284 1347 1319 1388 3.
1348 1335 1415 1377 διὸ
1440 1335 1515 1389 χρὴ
1541 1335 1596 1389 μὴ
1624 1350 1726 1388 προ-

452 1405 596 1443 censeat
613 1400 692 1453 τὴν
709 1401 962 1454 ἐπαγγελίαν,
983 1398 1087 1443 ἀλλὰ
1106 1401 1208 1454 μετὰ
1225 1399 1460 1452 ἀσφαλείας·
1481 1406 1723 1453 ,,κρεῐσσον“
1749 1410 1791 1442 10

480 1466 620 1515 „gottw
653 1466 708 1519 μὴ
735 1462 946 1518 εὔξασθαι,
980 1464 1005 1519 ἢ
1033 1465 1231 1517 εὔξασθαι
1265 1469 1330 1507 καὶ
1364 1466 1419 1518 μὴ
1453 1463 1724 1507 ἁποδοῦναι“.

453 1545 500 1597 ᾗ
524 1573 554 1606 5,
577 1574 608 1608 9.
631 1584 674 1589 —
695 1563 752 1599 91
775 1563 863 1597 Tim.
889 1573 917 1606 5,
945 1573 993 1597 11.
1017 1583 1057 1588 —
1083 1567 1124 1598 10
1147 1563 1272 1597 Eccles.
1299 1573 1325 1605 5,
1348 1572 1380 1604 4.

452 1636 536 1674 mbr
558 1651 567 1673 ε
589 1636 697 1683 λόγος
719 1639 740 1672 b
762 1649 795 1681 o,
818 1639 966 1673 similiter
987 1640 1020 1672 in
1042 1639 1130 1673 libris
1153 1640 1362 1684 sequentibus
1383 1641 1387 1681 1
1408 1643 1428 1673 3
1453 1636 1566 1683 χήρας
1588 1639 1628 1674 δὲ
1651 1652 1688 1673 κ.
1716 1652 1725 1672 :

452 1694 464 1727 2
481 1697 606 1736 χηρῶν
625 1691 847 1737 κατήντησεν
868 1689 890 1728 ὂ
911 1691 1031 1737 λόγος,
1051 1691 1164 1738 χήρας
1184 1695 1342 1728 καθίστα
1365 1689 1598 1736 (καθιστάναι
1615 1696 1674 1728 δεῖ
1688 1694 1725 1736 ο)

452 1750 594 1782 ντασθαι
617 1747 640 1780 h
659 1750 664 1785 ί
685 1745 852 1787 ἐλάττους
873 1758 888 1781 s
909 1749 915 1791 Ι
934 1745 1108 1791 ἐξήκοι-τα
1124 1760 1133 1782 :
1152 1743 1185 1789 ’ξ’
1198 1759 1217 1781 a
1239 1759 1260 1792 p
1280 1750 1284 1790 Ι
1305 1752 1326 1781 4
1349 1744 1434 1790 ἡμῖν
1456 1748 1476 1781 b
1499 1758 1521 1782 ο
1541 1747 1546 1791 1
1571 1745 1629 1782 διά
1653 1759 1662 1780 :
1685 1746 1728 1782 ἐκ

453 1803 533 1841 κίας
557 1805 595 1842 -1-
621 1800 738 1837 αῠτῶν
761 1812 794 1835 m
817 1812 838 1846 p
861 1813 882 1834 v
909 1805 915 1843 Ι
938 1802 1097 1846 νεωτέρα
1119 1803 1318 1837 καθίστατε
1341 1802 1474 1845 (wrm)
1497 1801 1517 1834 b
1540 1812 1562 1835 ο
1586 1804 1591 1843 Ι
1617 1813 1726 1835 κατα-

456 1866 490 1889 m
512 1867 543 1896 v,
567 1857 768 1891 καθίστατε
792 1857 812 1890 b
831 1857 836 1899 Ι
856 1859 909 1895 617
932 1853 1115 1900 ἐνποιὴσει
1138 1860 1190 1890 τῶ
1212 1857 1233 1889 b
1250 1866 1271 1889 o
1290 1857 1295 1899 Ι
1316 1859 1336 1891 9
1359 1857 1648 1899 καταστρηνιάσα
1672 1866 1694 1889 ο
1720 1859 1724 1897 l

452 1912 492 1944 οῦ
510 1911 671 1952 Χριστοῦ
693 1921 702 1944 :
726 1907 816 1944 διότι
838 1908 931 1952 μετὰ
954 1912 1109 1950 πίστεως
1132 1912 1193 1944 καὶ
1217 1907 1338 1954 φόβου
1356 1913 1446 1946 θεοῦ
1462 1907 1531 1945 οὐκ
1548 1905 1638 1953 ἦλθε
1663 1913 1726 1944 τοῦ

453 1976 478 1996 ἰ·
498 1963 718 2007 ἐπαγγελίαν
739 1964 771 2004 b,
795 1975 876 2009 quae
893 1964 990 1998 verba
1006 1965 1183 1998 Tun-ianus
1200 1964 1262 1998 illis
1279 1965 1311 1997 in
1326 1970 1416 1998 textu
1433 1964 1553 1998 addidit
1568 1965 1727 1998 omittens

452 2015 574 2059 υλάξαι
607 2022 611 2060 1
649 2022 687 2053 10
709 2015 907 2060 ἀσφαλείας
936 2030 943 2051 :
973 2016 1122 2061 ἀμελίας
1144 2019 1176 2058 b,
1212 2022 1248 2059 -1-
1274 2015 1342 2054 οὐκ
1372 2017 1548 2061 ἐφύλαξεν
1575 2016 1639 2061 τὴν
1667 2017 1728 2053 ἐπ-

460 2069 548 2107 διότι
575 2071 669 2114 μετὰ
697 2074 854 2113 πίστεως
882 2074 944 2107 καὶ
973 2069 1094 2116 φόβου
1124 2076 1215 2108 θεοῦ
1244 2069 1312 2108 οὐκ
1341 2067 1455 2115 ἦλθον
1481 2076 1546 2108 τοῦ
1575 2070 1726 2115 φυλάξαι

452 2128 548 2161 suar
577 2137 600 2159 ο
629 2126 670 2160 cs.
700 2132 778 2160 nota
805 2128 846 2160 ad
868 2126 923 2160 lin.
947 2136 968 2170 9
996 2127 1001 2170 Ι
1031 2131 1070 2161 11
1096 2123 1184 2170 αὐτῇ
1208 2137 1226 2160 a
1248 2126 1271 2160 h
1295 2138 1303 2160 :
1332 2123 1422 2170 αὐτὴ
1446 2138 1477 2171 p,
1507 2124 1619 2170 αὐτὴν
1640 2137 1674 2159 m
1698 2139 1729 2167 v,

463 2183 468 2209 ¹
499 2180 598 2215 ἐστιν
621 2192 629 2214 :
654 2186 729 2214 ante
752 2177 843 2224 αὐτῇ
871 2192 904 2214 m
928 2192 948 2225 p
973 2192 1003 2221 v,
1026 2185 1070 2220 >
1096 2181 1114 2214 b
1138 2191 1160 2214 o
1192 2183 1196 2222 Ι
1229 2177 1404 2222 εὔξασθαι
1429 2192 1467 2225 pr
1491 2185 1528 2222 4-
1554 2183 1616 2215 acal
1639 2178 1728 2214 ἄπο-

452 2332 662 2365 Theodosius
696 2332 874 2376 imperator
908 2332 949 2365 cf.
1017 2332 1088 2374 ΧΠ,
1109 2331 1158 2375 36,
1182 2333 1236 2366 ubi
1252 2333 1366 2366 Petrus
1390 2333 1506 2365 dicitur
1528 2331 1729 2366 ἐπίσκοπον

452 2386 512 2419 los.
543 2386 598 2419 lib.
622 2386 700 2419 xvl
723 2386 771 2419 tit.
795 2385 824 2420 11
847 2386 868 2420 1.
894 2395 933 2429 27
940 2399 950 2428 ;
1017 2383 1243 2429 καταστήσας
1276 2389 1338 2420 καὶ
1365 2385 1634 2430 πρεσβυτέρους
1662 2383 1731 2418 όιὺ-

454 2440 491 2474 Ε.
515 2438 655 2479 vn,16.
692 2440 817 2485 Synodi
840 2446 951 2473 autem
1017 2443 1105 2475 δεκα
1139 2437 1264 2482 ὁρίσας
1297 2442 1359 2474 καὶ
1389 2437 1579 2478 διακόνους
1613 2440 1731 2479 δείξας

452 2495 516 2528 usis
532 2505 562 2528 c.
582 2503 619 2536 ις
639 2499 672 2527 et
690 2494 843 2528 Trullana
861 2505 889 2528 c.
914 2503 951 2534 14
1018 2496 1079 2529 καὶ
1116 2492 1246 2537 χηρικὰ
1294 2491 1576 2536 συστησάαενος,
1622 2492 1730 2526 clem.

453 2547 711 2593 „quadraginta
720 2549 950 2592 praescribunt.
1018 2549 1166 2592 Recogn.
1197 2549 1251 2589 vl,
1286 2547 1332 2589 16,
1371 2548 1425 2581 ubi
1453 2547 1588 2580 Rufinus
1618 2546 1733 2580 ultima

452 2604 513 2636 lem
536 2613 606 2636 non
631 2602 818 2643 nominant3
840 2612 952 2635 earum
1020 2603 1118 2636 verba
1135 2603 1378 2647 interpretatur:
1401 2602 1540 2635 Instituit
1555 2601 1654 2634 etiam
1678 2611 1731 2634 or-

452 2662 518 2690 tem
547 2655 637 2690 haud
665 2655 762 2689 dubie
791 2657 889 2690 etiam
913 2656 954 2689 ad
1019 2657 1129 2690 dinem
1176 2656 1354 2690 viduarum.
1411 2656 1553 2700 Ps.-Ign.
1592 2654 1731 2699 Philipp.

452 2711 543 2745 rdine
566 2711 825 2744 diaconissarum
849 2710 953 2743 collo·
1025 2721 1073 2753 ις,
1094 2721 1105 2744 1
1119 2723 1126 2744 :
1142 2708 1184 2744 τὸ
1198 2708 1318 2754 τάγμα
1333 2713 1406 2744 τῶν
1416 2713 1550 2753 χηρῶν.
1567 2729 1606 2733 -
1625 2720 1734 2743 κατα-

452 2765 539 2799 rendi
563 2770 652 2798 sunt.
1021 2762 1264 2808 στρηνιάσασα
1287 2768 1351 2799 τοῦ
1376 2764 1457 2807 Ka]
1487 2763 1642 2797 Similiter
1665 2762 1735 2796 135.-

452 2818 494 2863 iv]
518 2820 541 2852 i.
564 2829 596 2852 e.
622 2818 772 2851 viduatus
794 2818 846 2851 vel
871 2819 953 2852 ordo
1020 2819 1092 2863 Ign.
1116 2820 1192 2852 Ant.
1219 2829 1269 2859 ιι,
1297 2829 1322 2851 1.

452 2871 840 2914 :'.2‚1;V111‚25;C1em.
854 2873 952 2906 Hom.
1068 2883 1096 2915 5.
1114 2869 1224 2916 Ἄννῃ]
1248 2873 1288 2906 cf.
1312 2872 1452 2916 Ps.-Ign.
1476 2870 1600 2905 Philad.
1622 2880 1660 2911 4*
1676 2871 1708 2903 8.
