2457 3436
745 365 1007 395 APOS‘roLomm
1035 365 1098 399 vn,
1121 367 1152 403 6,
1176 367 1270 402 5—8,
1295 366 1324 396 7.
1698 356 1775 394 397

452 457 469 485 ¹·
512 472 541 512 4.
569 462 659 515 Non
696 461 772 502 eris
807 460 1051 516 turpiloquus
1088 475 1215 515 neque
1253 461 1453 502 emissiciis
1491 460 1614 502 oculis
1650 475 1778 515 neque

452 526 546 577 *muz
567 526 654 568 inde
682 526 789 568 enim
819 525 1097 567 fornicationes
1126 534 1164 568 et
1192 524 1376 567 adulteria
1405 526 1594 567 oriuntur.
1649 537 1684 577 5.
1713 524 1777 566 Ne

452 594 543 640 witus,
571 605 619 633 ne
653 592 738 633 vice
774 592 850 632 Dei
887 591 1030 632 servias
1068 604 1331 632 mammonae.
1394 593 1431 631 6.
1467 590 1530 631 Ne
1567 591 1620 631 sis
1653 590 1777 631 inanis

452 663 475 693 'e
493 657 630 711 cupidus
658 670 785 711 neque
815 655 936 698 elatus
964 669 1091 710 neque
1119 654 1239 697 altum
1268 657 1439 709 sapiens;
1470 669 1517 696 ex
1547 655 1605 696 his
1634 655 1777 710 quippe

452 717 496 760 'ms
516 720 704 775 superbiae
733 720 940 776 prodeunt.
988 720 1194 762 Memento
1223 719 1335 770 illius,
1364 720 1430 775 qui
1459 718 1570 761 dixit:
1601 720 1776 768 Domine,
1821 728 1841 759 5

452 792 465 825 t
486 785 680 826 exaltatum
709 800 773 826 cor
797 800 933 835 meum,
961 799 1076 840 neque
1095 784 1188 826 elati
1211 792 1298 826 sunt
1324 784 1425 826 oculi
1450 786 1534 834 mei,
1563 799 1676 839 neque
1695 798 1775 825 am·

468 851 503 891 in
528 852 672 905 magnis
705 865 818 905 neque
846 852 885 891 in
913 849 1150 891 mirabilibus
1175 858 1286 904 super
1313 864 1393 899 mc;
1423 851 1459 890 si
1485 864 1556 891 non
1589 849 1779 890 humiliter

452 928 506 956 un.

452 980 490 1021 [ί.
518 980 581 1021 Ne
609 981 660 1021 sis
689 988 964 1030 murmurator,
999 993 1156 1021 memor
1183 993 1413 1034 poenarum,
1448 992 1543 1034 quas
1575 978 1778 1028 dederunt,

453 1045 488 1086 si
515 1044 869 1087 obmurmuramnt.
917 1057 953 1085 2.
983 1045 1046 1086 Ne
1074 1045 1126 1085 sis
1155 1043 1329 1085 insolens
1357 1057 1430 1085 nec
1458 1043 1673 1085 malitiosus
1702 1058 1775 1086 nec
1803 1052 1844 1081 10

453 1109 551 1151 orde
583 1124 656 1152 nec
692 1109 898 1151 iracundus
933 1123 1005 1151 nec
1040 1109 1167 1164 pusilli
1200 1110 1338 1160 animi;
1375 1109 1509 1150 omnia
1543 1109 1648 1150 enim
1685 1108 1778 1150 haec

466 1174 515 1216 ad
550 1174 841 1229 blasphemiam.
902 1186 936 1227 3.
966 1174 1026 1216 Sis
1055 1188 1150 1216 vero
1186 1175 1302 1224 mitis,
1337 1182 1379 1216 ut
1407 1174 1542 1215 Moses
1571 1182 1610 1216 et
1638 1173 1778 1223 David,

452 1238 609 1294 quidem
638 1241 743 1280 mites
766 1239 999 1294 possidebunt
1031 1248 1186 1280 terram.

453 1304 502 1347 11.
539 1304 601 1345 Sis
630 1304 883 1358 longanimis:
921 1305 986 1358 qui
1016 1305 1121 1345 enim
1150 1304 1234 1345 talis
1263 1312 1335 1355 est,
1373 1304 1514 1345 multus
1541 1312 1593 1344 est
1621 1305 1660 1344 in
1681 1311 1778 1358 pru-

465 1369 660 1424 siquidem
684 1368 942 1424 pusillanimis
970 1377 1020 1410 est
1047 1369 1278 1410 vehementer
1309 1368 1456 1410 stultus.
1510 1380 1546 1410 2.
1575 1368 1635 1410 Sis
1665 1370 1778 1410 mise·
1805 1377 1843 1407 15

469 1434 572 1475 beati
603 1434 709 1475 enim
745 1434 1008 1483 misericordes,
1045 1435 1219 1489 quoniam
1258 1434 1329 1488 ipsi
1362 1434 1655 1474 misericordiam
1692 1448 1777 1475 con-

452 1514 499 1540 ιν.
558 1512 594 1552 3.
623 1499 718 1540 Esto
746 1499 951 1548 innocens,
987 1499 1153 1553 quietus,
1188 1498 1329 1548 bonus,
1362 1506 1536 1540 tremens
1573 1512 1779 1540 sermones

452 1563 531 1605 Gon
558 1571 599 1605 te
627 1563 809 1605 exaltabis
837 1571 879 1605 ut
908 1563 1146 1613 Pharisaeus,
1181 1563 1269 1618 quia
1298 1565 1427 1612 omnis,
1462 1565 1528 1618 qm·
1551 1577 1589 1604 se
1623 1563 1778 1612 exaltat,

452 1628 554 1670 bitur
561 1642 579 1678 ;
614 1636 654 1670 et
681 1628 778 1683 quod
804 1628 925 1669 altum
955 1636 1007 1668 est
1035 1629 1073 1668 in
1102 1627 1320 1677 hominihus,
1349 1628 1575 1669 abominatio
1602 1636 1654 1668 est
1681 1628 1782 1682 apud

505 1705 540 1746 5.
578 1693 673 1733 Non
712 1691 818 1734 dabis
860 1693 1013 1734 animae
1047 1699 1136 1734 tuae
1177 1692 1389 1743 audaciam,
1429 1693 1517 1747 quia
1555 1693 1616 1733 vir
1652 1693 1783 1733 audax
1805 1700 1847 1730 20

460 1759 499 1798 in
532 1758 652 1799 mala.
710 1760 746 1798 6.
781 1757 877 1798 Non
912 1757 1098 1811 gradieris
1133 1771 1221 1799 cum
1258 1757 1540 1811 insipientibus,
1579 1757 1648 1799 sed
1689 1771 1778 1798 cum

452 1822 529 1864 ibus
566 1837 611 1864 ac
650 1823 771 1864 iustis.
837 1835 874 1875 7.
913 1821 1078 1863 Morbos
1118 1830 1156 1864 et
1193 1836 1316 1872 casm,
1354 1823 1419 1876 qui
1456 1822 1524 1864 tibi
1558 1822 1780 1873 acciderint,

472 1888 652 1941 accipito,
689 1894 727 1928 et
755 1887 914 1928 adversa
943 1886 1000 1928 fer
1035 1887 1120 1928 sine
1147 1888 1311 1938 tristitia,
1347 1888 1486 1937 sciens,
1523 1887 1629 1942 quod
1664 1887 1732 1929 tibi
1760 1902 1781 1928 a

452 1951 560 1994 ibitur
589 1965 755 2002 merces,
783 1953 882 1993 sicut
910 1951 980 1992 Iob
1010 1959 1049 1993 et
1077 1952 1234 1993 Lazaro.

461 2059 488 2083 ι.
510 2069 550 2073 -
578 2053 619 2083 12
642 2049 694 2082 Ps.
715 2049 765 2091 36,
788 2058 842 2089 ¹¹3
864 2049 923 2083 Mt.
943 2058 969 2091 5,
991 2058 1018 2090 5.
1043 2068 1082 2072 —
1109 2052 1149 2083 13
1173 2049 1336 2089 Prov.14‚
1353 2058 1403 2092 29.
1429 2069 1469 2075 —-
1496 2052 1535 2083 15
1557 2049 1616 2083 Mt.
1643 2058 1669 2091 5,
1686 2058 1717 2091 7.
1741 2069 1778 2072 --

452 2103 495 2144 56,
517 2113 547 2137 2.
574 2123 609 2127 -—
638 2107 677 2138 17
701 2103 779 2137 Luc.
807 2104 855 2143 18,
884 2112 937 2143 14;
963 2103 1012 2143 16,
1040 2113 1088 2145 ις.
1112 2122 1150 2126 —
1179 2107 1218 2137 19
1241 2103 1337 2136 Prov.
1365 2113 1412 2145 ¹3·
1441 2113 1489 2146 17.
1514 2123 1553 2129 -
1577 2107 1619 2137 23
1643 2104 1700 2136 Iob
1724 2113 1782 2143 42;

452 2241 622 2286 ἷλαζονίαι
640 2254 659 2277 a
678 2244 697 2277 b
714 2255 734 2276 v
753 2247 760 2284 Ι
780 2248 800 2278 5
816 2243 978 2286 γίνονται
998 2255 1029 2287 ρ,
1051 2245 1206 2286 γίνονται
1225 2254 1254 2283 a,
1273 2244 1438 2286 γίνωνται
1458 2244 1476 2276 b
1496 2247 1501 2284 1
1520 2246 1542 2277 8
1558 2241 1717 2286 μὴσθητι
1736 2245 1755 2277 h
1775 2248 1779 2282 ζ.

453 2309 581 2338 σαντες
609 2298 631 2331 b
655 2309 675 2342 p
699 2309 719 2331 v
751 2300 756 2338 Ι
789 2298 951 2337 Μωσέως
974 2310 981 2331 :
1006 2295 1097 2331 κατὰ
1122 2299 1169 2332 Μ.
1198 2298 1218 2330 b
1246 2297 1268 2330 h
1291 2308 1311 2341 p
1335 2309 1354 2330 v
1385 2300 1390 2340 Ι
1422 2295 1493 2332 ἔσω
1517 2299 1537 2331 b
1560 2309 1589 2337 e,
1619 2296 1710 2332 ἔστω
1733 2309 1751 2331 a
1778 2302 1780 2311 ²

452 2348 1782 2395 ῦταγ.πάιταὶ>ρν111μωσῆςάε11νΙ12ιὴν>3114ὃ>

452 2410 484 2441 1⁶
507 2405 579 2449 γὰρ
603 2410 648 2446 >
672 2416 691 2439 e
711 2408 718 2448 Ι
737 2403 998 2449 ἐλεηθήσονται
1023 2418 1030 2438 :
1055 2407 1127 2440 vzoz
1144 2408 1235 2440 θεοῦ
1259 2403 1499 2448 κληθήσονται
1525 2405 1546 2438 h
1569 2408 1574 2447 Ι
1594 2403 1665 2439 ἔσω
1690 2407 1709 2438 b
1733 2416 1751 2438 e
1777 2408 1780 2446 j

469 2465 506 2501 -1-
527 2464 578 2495 τῶ
603 2471 622 2493 a
642 2463 646 2502 ξ
669 2463 710 2494 19
734 2457 873 2502 θρασὺς
895 2457 985 2502 ἀνὴρ
1008 2471 1026 2493 a
1047 2462 1051 2501 Ι
1070 2463 1114 2494 20
1135 2457 1419 2502 συμπορευθήση
1442 2460 1463 2492 h
1484 2462 1488 2501 Ι
1508 2464 1548 2494 21
1574 2461 1723 2493 δικαίων
1745 2464 1781 2500 4-

455 2512 655 2557 ρευὸμενος
678 2512 748 2557 γὰρ
771 2519 899 2556 σοφοῖς
921 2512 1035 2556 σοφὸς
1057 2512 1168 2555 ἔσται,
1193 2510 1213 2547 ὃ
1235 2514 1272 2548 δὲ
1290 2511 1608 2556 συμπορευόμενος
1629 2509 1785 2555 ἄφροσιν

452 2580 547 2603 ntae
570 2579 590 2602 a
614 2579 655 2601 ex
680 2567 776 2602 Prov.
803 2578 852 2611 33,
877 2577 920 2602 20
938 2571 943 2610 Ι
962 2571 1063 2604 22,’23
1083 2566 1180 2610 παρὰ
1206 2571 1297 2602 θεοῦ
1322 2579 1378 2602 σοι
1404 2578 1422 2600 a

453 2652 684 2698 marcio-§voce
706 2658 917 2697 γογγυσμοῦ
946 2656 1008 2689 καὶ
1117 2654 1202 2687 VIII.
1228 2656 1313 2696 Περὶ
1331 2656 1598 2696 μακροθυμίας,
1621 2651 1784 2695 cixanem,

452 2721 489 2749 ις
503 2710 567 2743 καὶ
584 2706 833 2751 ὑπερηφανίας
843 2710 1007 2751 καὶθρα·
1073 2706 1273 2752 πραότητος
1301 2710 1355 2751 (4-
1388 2710 1449 2742 καὶ
1476 2709 1497 2742 d
1526 2709 1561 2751 e)
1594 2704 1785 2752 ὑπομονῆς.

502 2763 697 2797 Interdictio
731 2763 1007 2802 murmurationis,
1075 2763 1125 2796 De
1141 2762 1400 2806 longanimitate,
1419 2763 1613 2804 innocentia,
1634 2774 1785 2797 mansue-

452 2829 501 2858 ιε,
523 2816 709 2861 superbiae,
734 2815 878 2850 feritatis.
1074 2816 1196 2856 tudine,
1220 2817 1382 2859 patientia.

461 2872 607 2916 Ps.·Ign.
633 2870 716 2915 Eph.
744 2880 793 2910 ιο,
817 2879 845 2903 2.
1122 2881 1148 2904 1.
1172 2870 1223 2903 Cf.
1250 2870 1390 2914 Ps.-lgn.
1414 2871 1490 2905 Her.
1515 2881 1544 2913 5,
1569 2880 1598 2905 2.
