2457 3436
964 390 1096 420 curra
1123 390 1325 420 Anum-mu.
1813 381 1887 420 125

390 493 609 539 separatus,
640 485 704 527 ubi
731 494 933 527 versentur
961 486 1148 536 feminae;
1177 486 1349 540 itemque
1368 485 1477 527 locus
1496 484 1632 526 similis
1652 486 1700 527 sit
1721 486 1760 526 in
1782 493 1888 539 parte

393 550 722 604 septemtrionali.
771 564 808 603 9.
838 551 884 592 Et
911 553 952 592 in
982 550 1115 592 medio
1146 551 1286 591 horum
1317 552 1366 591 sit
1389 550 1518 601 altare,
1548 549 1654 604 quod
1675 549 1889 591 circumdet

394 615 679 656 velamentum.
741 628 800 656 10.
837 616 884 657 Et
917 630 939 658 e
974 623 1082 670 parte
1117 614 1292 656 orientali
1330 615 1456 656 altaris
1493 616 1542 656 sit
1576 616 1741 656 thronus
1776 629 1889 669 supra

395 679 618 735 praesidem
648 679 844 732 exaltatus,
873 680 920 721 ad
948 694 1066 735 quem
1096 680 1237 733 gradus
1255 679 1471 721 ascendunt
1491 694 1563 734 pro
1582 694 1652 721 sua
1673 679 1886 721 altitudine.

405 758 464 786 11.
501 745 664 799 Sintque
698 745 737 785 in
775 745 935 787 ecclesia
962 745 1169 787 columnae
1198 745 1308 795 duae,
1344 760 1419 786 una
1448 744 1495 786 ad
1525 744 1736 795 dexteram,
1772 745 1888 786 altera

397 809 447 851 ad
477 810 685 851 sinistram.
749 822 806 851 12.
838 811 986 852 Omnia
1015 811 1092 852 sint
1120 810 1230 852 valde
1258 809 1457 864 splendida
1487 817 1524 851 et
1553 810 1591 850 in
1623 809 1804 851 ordinem
1834 809 1889 851 di-

399 882 524 928 gesta,
553 882 595 916 ut
625 874 737 916 decet
765 874 895 916 locum
926 883 1117 925 sanctum,
1148 882 1186 916 et
1215 875 1450 916 illustrentur
1479 874 1729 916 luminaribus
1758 874 1889 916 multis

398 946 584 994 tanquam
606 940 738 993 imago
760 940 997 990 caelestium,
1027 940 1202 994 inprimis
1232 940 1270 980 in
1296 940 1463 981 lectione
1482 940 1752 994 pericoparum
1774 938 1889 980 libro-

401 1019 485 1046 rum
518 1018 730 1046 sacrorum.
784 1018 843 1058 13.
875 1005 1034 1046 Circum
1064 1005 1180 1046 altare
1209 1005 1287 1046 sint
1310 1005 1528 1046 velamenta
1557 1018 1604 1045 ex
1624 1018 1755 1058 panno
1777 1018 1888 1058 puro,

399 1070 489 1124 quia
518 1076 694 1110 sanctum
725 1076 795 1120 est,
827 1077 865 1111 et
891 1070 940 1111 ita
962 1071 1076 1111 etiam
1097 1071 1205 1110 sitin
1227 1070 1472 1123 pliotisterio.
1526 1083 1586 1123 14.
1616 1070 1739 1124 Supra
1768 1068 1889 1111 eccle-

400 1136 497 1175 siam
529 1149 551 1175 e
580 1133 670 1175 loco
700 1134 1007 1189 septemtrionali
1042 1136 1090 1176 sit
1119 1134 1261 1176 domus
1290 1134 1526 1185 oblatorum,
1561 1141 1599 1175 et
1635 1133 1789 1175 diaconi
1819 1148 1890 1175 no-

402 1200 508 1240 mina
534 1213 686 1250 eorum,
716 1200 781 1254 qui
807 1199 968 1253 singulis
988 1199 1121 1241 diebus
1141 1199 1245 1241 dona
1265 1200 1441 1250 afferunt,
1471 1199 1701 1249 describant,
1731 1201 1813 1241 sive
1842 1200 1890 1241 sit

402 1278 472 1318 pro
503 1264 601 1305 vivis
630 1265 712 1306 sive
742 1278 813 1318 pro
844 1265 1021 1315 mortuis,
1058 1272 1100 1306 ut
1133 1264 1327 1315 sacerdos,
1358 1264 1515 1319 quando
1551 1273 1647 1315 orat,
1684 1279 1754 1306 eos
1784 1278 1890 1306 com-

402 1336 612 1378 memoret,
643 1336 680 1370 et
709 1330 759 1370 ita
786 1330 825 1369 in
846 1329 1015 1370 diacono
1037 1343 1176 1370 eorum
1197 1330 1623 1371 commemorationem
1654 1330 1723 1370 hac
1746 1328 1892 1370 hebdo-

403 1393 517 1435 made
549 1393 701 1443 efficiat,
737 1402 776 1435 et
805 1395 853 1444 ei,
889 1395 953 1449 qui
983 1408 1105 1448 prope
1140 1395 1357 1435 velamenta
1391 1401 1494 1445 sunt,
1530 1395 1628 1435 sicut
1658 1401 1695 1435 et
1725 1395 1891 1449 populus

401 1458 519 1500 simul
548 1467 664 1500 orent
691 1471 762 1512 pro
791 1458 874 1500 illis.
937 1472 996 1511 ις.
1032 1459 1121 1500 Hoc
1151 1459 1282 1512 imago
1319 1467 1376 1500 est
1406 1472 1557 1509 eorum,
1592 1473 1690 1513 quae
1724 1458 1823 1500 fiunt
1852 1460 1889 1499 in

402 1523 530 1566 caelis.
584 1525 643 1564 16.
665 1524 806 1574 Locus,
827 1524 866 1564 in
887 1537 967 1578 quo
988 1523 1170 1577 leguntur
1189 1525 1408 1578 pericopae,
1428 1524 1477 1565 sit
1497 1523 1692 1578 paululum
1714 1530 1890 1564 remotus

400 1588 448 1629 ab
477 1588 584 1630 altari
614 1589 939 1643 septemtrionem
960 1602 1105 1629 versus.
1159 1602 1218 1642 17.
1249 1588 1468 1643 Presbyteri
1498 1595 1536 1629 et
1565 1588 1720 1629 diaconi
1749 1596 1787 1629 et
1807 1588 1892 1629 reli-

402 1668 502 1708 quus
532 1653 667 1703 clerus,
695 1655 728 1694 si
757 1652 840 1694 fieri
861 1660 1004 1708 potest,
1034 1654 1110 1695 sint
1130 1655 1169 1694 in
1191 1653 1364 1704 ecclesia,
1395 1653 1634 1694 diaconissae
1654 1662 1783 1694 autem
1814 1655 1891 1694 sint

402 1722 441 1761 in
471 1720 564 1761 loco
592 1718 901 1774 septemtrionali
931 1718 1127 1768 ecclesiae,
1167 1726 1208 1759 ut
1245 1732 1385 1760 omnes
1416 1718 1531 1760 simul
1559 1719 1598 1758 in
1628 1719 1757 1772 quiete
1785 1719 1891 1759 inve-

402 1786 512 1826 niant
545 1784 763 1826 facultatem
799 1782 1024 1838 perficiendi
1062 1784 1332 1833 ministerium,
1369 1782 1475 1837 quod
1510 1784 1717 1837 unicuique
1753 1797 1889 1824 eorum

401 1850 602 1891 convenit.
657 1850 715 1890 18.
744 1848 860 1903 Apud
891 1849 1090 1890 ecclesiam
1121 1849 1170 1889 sit
1190 1849 1299 1889 locus
1329 1849 1543 1889 mansionis
1572 1862 1644 1902 pro
1664 1849 1892 1902 peregrinis,

403 1923 445 1957 ut
476 1929 565 1956 cura
595 1929 734 1955 eorum
764 1914 945 1955 habeatur
974 1913 1022 1955 de
1052 1913 1165 1954 rebus
1196 1914 1378 1955 ecclesiae
1408 1914 1513 1954 iussu
1542 1913 1738 1968 praesidis.

957 2043 1106 2097 Caput
1135 2043 1347 2084 XXXVI.

789 2132 849 2172 De
877 2131 1161 2172 ordinatione
1190 2132 1515 2181 episcoporum.

519 2230 551 2258 1.
587 2218 797 2272 Postquam
828 2217 969 2258 domus
1006 2217 1190 2258 ecclesiae
1223 2216 1392 2271 perfecta
1427 2224 1497 2267 est,
1526 2217 1625 2258 sicut
1654 2216 1779 2267 decet,
1817 2217 1894 2269 epi—

404 2295 550 2335 scopus
578 2282 628 2323 ita
657 2281 869 2323 ordinetur.
929 2293 964 2322 2.
1001 2281 1170 2335 Eligatur
1204 2281 1250 2322 ab
1288 2282 1471 2322 universo
1502 2282 1649 2336 populo
1679 2280 1894 2322 secundum

450 2411 600 2445 xxxvt.
624 2412 676 2445 Cf.
700 2412 949 2444 Testamentum
973 2412 1013 2444 D.
1037 2423 1068 2444 n.
1094 2412 1117 2452 1,

407 2475 546 2499 20—21.
595 2465 667 2498 Hoc
696 2471 791 2509 caput
815 2476 934 2509 magna
965 2475 1003 2498 ex
1028 2471 1119 2509 parte

406 2532 425 2553 e
466 2520 763 2553 Constitutionibus
802 2519 1028 2564 apostolorum
1067 2520 1117 2552 vel

406 2575 572 2618 scripturis
596 2584 634 2607 ex
652 2574 703 2607 his
728 2574 883 2618 prosectis
908 2574 1118 2618 compilatum

406 2635 466 2662 est.
513 2629 665 2662 Proxime
694 2629 818 2661 accedit
847 2628 887 2661 ad
915 2629 1011 2662 ritum
1034 2629 1120 2662 ordi-

406 2684 547 2716 nationis
571 2683 786 2726 Coptitarum,
811 2693 908 2726 quem
933 2683 1121 2726 Denzinger

406 2738 438 2769 in
474 2743 568 2770 tomo
598 2736 627 2770 11
658 2736 744 2769 libri:
781 2736 873 2769 Ritus
904 2736 1121 2771 Orientalium

411 2791 502 2831 1864,
527 2791 711 2835 publicavit.

453 2855 546 2887 1—4.
577 2845 664 2879 Haec
695 2845 798 2878 sectio
832 2844 898 2878 sere
921 2845 962 2878 ad
985 2845 1120 2878 verbum

407 2901 522 2934 eadem
548 2906 598 2933 est
628 2911 701 2933 cum
726 2900 786 2932 ritu
812 2899 1016 2943 Coptitarum
1041 2910 1120 2932 con-

1185 2412 1387 2445 stitutionem
1407 2411 1552 2455 episcopi
1569 2416 1600 2444 et
1620 2411 1767 2444 ordinem
1784 2410 1895 2444 electi-

1186 2466 1258 2499 onis
1274 2466 1343 2499 eius
1360 2470 1538 2509 spectante.
1577 2465 1763 2508 Denzinger
1780 2465 1800 2497 l.
1820 2476 1848 2498 c.
1866 2476 1895 2509 p.

1189 2521 1227 2553 18
1243 2531 1289 2564 sq.
1312 2520 1422 2553 locum
1446 2520 1491 2553 sic
1515 2519 1756 2562 interpretatur:
1781 2519 1896 2559 „Post-

1187 2585 1282 2618 quam
1308 2574 1371 2607 vita
1394 2575 1507 2618 (βίος)
1537 2574 1605 2607 eius
1636 2573 1695 2607 fuit
1719 2574 1896 2607 secundum

1186 2629 1340 2662 decorum
1364 2628 1536 2672 (πρέπει),
1567 2628 1696 2672 eligitur
1719 2628 1898 2661 secundum

1187 2683 1392 2715 voluntatem
1425 2683 1566 2726 spiritus.
1612 2682 1660 2715 Sit
1688 2687 1796 2715 autem
1826 2682 1898 2724 (δὲ)

1188 2737 1478 2780 irreprehensibilis
1490 2737 1611 2780 (Arabs
1624 2737 1666 2769 ita
1679 2737 1791 2770 habet:
1810 2742 1844 2769 ut
1858 2737 1897 2769 sit

1188 2792 1253 2824 vita
1272 2792 1351 2831 eius,
1377 2797 1548 2835 postquam
1566 2790 1687 2824 electus
1704 2796 1753 2824 est
1771 2791 1810 2824 ab
1828 2791 1895 2824 uni-

1188 2856 1284 2879 verso
1298 2845 1422 2889 populo
1435 2845 1586 2886 collecto,
1595 2845 1773 2878 secundum
1783 2845 1897 2878 volun-

1188 2906 1289 2933 tatem
1302 2901 1442 2944 spiritus,
1455 2899 1797 2942 sitirreprehensibilis
1810 2900 1898 2941 ete),

1917 1079 1956 1109 10

1918 1403 1956 1432 15

1916 1727 1958 1757 20

1918 2140 1960 2171 25
