2457 3436
681 340 998 372 cons-mmmm
1026 341 1293 372 amsa-omnum
1321 343 1376 380 111,
1403 343 1434 382 6,
1459 344 1554 381 5-7,
1577 344 1607 375 8.
1812 334 1889 374 193

480 436 538 478 τὸ
576 437 635 491 μὴ
663 436 800 491 χήρας,
834 432 941 479 ἀλλὰ
973 435 1107 491 πήρας
1140 436 1267 487 αὐτὰς
1293 435 1501 490 ὑπάρχειν,
1537 436 1723 490 ἑτοίμους
1755 440 1813 487 εἰς
1839 439 1890 481 τὸ

452 501 631 553 ιβάνειν,
649 502 871 554 φλυάρους,
889 501 1157 553 καταλάλους,
1176 502 1548 556 μαχοσυμβούλους,
1568 501 1757 554 ἀναιδεῖς,
1777 503 1890 546 α’ναι·

452 565 611 616 ἱντσυς·
641 567 792 617 αἵτινες
817 572 1008 609 τοιαῦται
1021 564 1280 621 ὑπάρχουσαι
1308 564 1386 609 οὐκ
1403 565 1512 620 ἄξιαι
1540 574 1618 610 τοῦ
1637 570 1887 617 καλέσαντος

452 631 678 685 αάνσυσιν.
728 644 764 685 5.
794 628 845 673 οὗ
869 631 949 685 γὰρ
976 631 1043 673 ἐπὶ
1070 632 1122 674 τὸ
1140 632 1288 674 κοινὸν
1314 637 1386 686 τῆς
1404 636 1641 687 συναγωγῆς
1669 631 1887 686 άνάπαυμα

465 701 516 749 τῇ
538 701 712 749 κυριακῇ
739 701 1003 739 καταντῶσιν
1020 694 1079 746 ὥς
1097 696 1138 738 οἱ
1156 697 1432 752 ἐγρηγορότες,
1462 695 1596 752 ἀλλ’ἢ
1620 698 1889 750 νυστάζουσιν
1934 708 1954 740 ⁶

452 765 705 814 φλυαροῦσιν
730 758 757 814 ἢ
774 762 966 821 ‹1th
987 758 1013 815 ἢ
1037 759 1200 814 ἑτέρους
1227 762 1593 815 αἰχμαλωτίζουσιν
1614 762 1891 817 προσάγοντες

452 830 463 867 ἱ
492 832 678 881 πονηρῷ,
713 824 792 868 οὐκ
823 827 974 875 ἐῶντες
1006 825 1159 875 αὐτοὺς
1193 826 1339 880 νήφειν
1371 827 1417 868 ὲν
1444 828 1587 880 κυρίῳ,
1622 825 1728 869 α’λλὰ
1763 843 1892 881 παρα-

452 890 663 944 ευὰζοντες
690 890 908 940 τοιούτους
934 887 1090 940 αὐτοὺς
1116 892 1276 943 ἐξιέναι,
1306 888 1387 933 οἶοι
1404 893 1473 933 καὶ
1500 892 1683 942 εἰσίασιν,
1711 892 1890 934 διάκενοι

452 955 470 998 ἆ
492 956 544 998 τὸ
569 956 625 1009 μὴ
641 953 809 998 ἀκούειν
836 959 926 997 τῶν
943 956 1227 999 διδασκόντων
1253 955 1280 1009 ἢ
1298 961 1390 998 ταῖν
1416 955 1796 1009 α’ναγινωσκόντων
1814 957 1892 1017 Q

452 1024 481 1063 ιῦ
510 1024 655 1072 κυρίου
680 1020 824 1074 λόγον·
857 1023 950 1073 περὶ
976 1020 1057 1100 γὰρ
1083 1025 1172 1064 τῶν
1205 1020 1412 1063 τοιούτων
1445 1023 1512 1063 καὶ
1537 1018 1699 1071 Ἡσαΐας
1733 1020 1757 1064 ὃ
1792 1037 1891 1075 προ·
1916 1031 1957 1063 ιο

452 1087 677 1140 wlff-st
711 1117 738 1136 „
726 1084 858 1139 ,Ἀκοῇ
884 1082 1081 1129 ἀκούσετε
1113 1089 1182 1128 καὶ
1212 1085 1265 1128 σύ
1290 1086 1344 1140 μὴ
1373 1090 1535 1140 συνῆτε,
1570 1089 1636 1127 καὶ
1669 1087 1891 1137 βλέποντες

452 1152 569 1203 lvere
605 1153 674 1192 καὶ
711 1147 762 1192 οὗ
796 1150 852 1205 μὴ
887 1152 1014 1210 ἴδητε·
1056 1151 1270 1206 ἐπαχύνθη
1306 1151 1384 1205 γὰρ
1427 1147 1453 1205 ἡ
1489 1152 1635 1204 καρδία
1670 1157 1750 1194 τοῦ
1786 1156 1892 1194 λαοῦ

452 1215 582 1258 ιύτου“

511 1281 597 1322 VII.
621 1280 698 1323 Τὸν
711 1279 844 1323 αὐτὸν
862 1275 937 1323 οὖν
951 1281 1114 1334 τρόπον
1132 1283 1201 1323 καὶ
1218 1287 1309 1323 τοῖν
1321 1281 1529 1324 τοιούτων
1542 1284 1683 1336 χηρῶν
1700 1235 1890 1336 ἐκλείσθη

452 1363 461 1386 ι
487 1339 572 1388 ὦτα
599 1352 674 1398 τῆς
689 1347 859 1397 καρδίας
886 1347 942 1394 εἰς
960 1346 1010 1388 τὸ
1039 1346 1095 1400 μὴ
1119 1347 1398 1399 καθεζομένας
1416 1346 1538 1389 ἔνδον
1556 1346 1602 1388 ἐν
1618 1354 1707 1394 ταῖς
1735 1347 1892 1400 στέγαις
1917 1357 1957 1388 15

453 1409 548 1452 ἲτῶν
580 1415 830 1463 προσλαλεῖν
867 1415 929 1464 τῷ
967 1414 1110 1465 κυρίῳ,
1151 1410 1256 1453 α’λλὰ
1296 1411 1610 1465 περιτρεχούσας
1648 1411 1693 1453 ἐν
1733 1411 1920 1467 ἐπινοίᾳ·

452 1481 607 1529 ορισμοῦ
633 1476 701 1518 διὰ
735 1480 825 1518 τῶν
851 1480 1068 1529 φλυαριῶν
1094 1475 1147 1519 τὰ
1181 1482 1260 1519 τοῦ
1287 1475 1568 1530 ἀντικειμένου
1604 1475 1894 1530 ἐπιθυμήματα

452 1540 612 1591 ρᾰσσειν.
660 1553 697 1582 2.
726 1541 768 1583 αἱ
795 1544 984 1583 τοιαῦται
1011 1535 1090 1583 οὖν
1112 1545 1233 1596 χῆραι
1261 1537 1313 1583 οὗ
1329 1541 1634 1596 προσήρτηνται
1662 1544 1724 1594 τα·
1747 1544 1893 1582 θυσια-

452 1608 558 1659 ῐηρίῳ
583 1610 659 1648 τοῦ
680 1609 874 1659 Χριστοῦ.
924 1618 960 1660 3.
988 1606 1064 1648 εἶσὶ
1081 1606 1161 1660 γὰρ
1189 1605 1293 1648 ἔνιαι
1308 1611 1428 1661 χῆραι
1455 1606 1646 1659 ἐργασίαν
1672 1604 1892 1660 ἡγούμεναι

452 1669 471 1711 ὸ
493 1674 660 1724 πρᾶγμα,
689 1672 759 1712 καὶ
784 1670 829 1722 ἐξ
856 1686 917 1712 ων
946 1669 1227 1725 αναισχύντως
1254 1672 1440 1713 αἰτοῦσιν
1463 1672 1532 1712 καὶ
1560 1669 1778 1750 ἀπλήστως
1798 1674 1894 1723 λαμ·
1917 1680 1960 1711 20

453 1732 612 1786 ἆνουσιν,
645 1734 723 1795 EQ
755 1725 1321 1778 ‚affl—'—
907 1735 1496 1795 νηιωιήωυςτοικςπολλοὺς
1525 1735 1633 1788 πρὸς
1659 1735 1710 1776 τὸ
1738 1735 1894 1777 διδόναι

452 1800 674 1859 πτέστησαν·
712 1802 808 1842 δέον
835 1800 914 1853 γὰρ
941 1800 1069 1850 αὐτὰς
1097 1798 1312 1853 ἀρκεῖσθαι
1339 1809 1428 1850 τοῖς
1454 1803 1802 1855 ἐκκλησιαστικαῖς
1829 1801 1896 1842 διὰ

452 1865 647 1919 ιετριότητα
672 1864 851 1924 γνώμης,
880 1866 927 1907 ἐκ
954 1870 1043 1907 τῶν
1069 1866 1274 1908 ἐναντίων
1299 1868 1654 1919 ἐμπεριτρέχουσαι
1682 1865 1782 1914 τοὺς
1807 1870 1895 1925 ταῖν

452 1932 614 1971 πλουσίων
653 1932 794 1979 ouovg
834 1932 1079 1973 διασείουσιν
1116 1929 1315 1983 εὐπορίαν
1351 1932 1572 1985 χρημάτων
1612 1930 1774 1979 ἑαυταῖς
1814 1931 1897 1972 ἐπι-

452 1994 668 2045 ΰωρεύουσαι,
698 1998 767 2037 καὶ
801 1995 868 2037 ἐπὶ
899 2005 1062 2049 πικροῖς
1094 1995 1236 2044 τόκοις
1269 1997 1520 2048 δανείζουσιν
1554 1998 1623 2037 καὶ
1654 1995 1787 2049 μόνου
1818 2000 1896 2037 τοῦ
1918 2004 1960 2034 25

518 2107 533 2137 'a'
553 2104 566 2137 1
589 2104 678 2138 Petr.
706 2112 733 2145 5,
757 2104 788 2137 8.
813 2123 851 2127 —
877 2108 915 2138 11
940 2104 1002 2138 les.
1024 2104 1056 2145 6,
1078 2114 1110 2149 9.
1136 2113 1185 2138 xo.

452 2206 492 2231 ³0
510 2211 528 2244 p
548 2213 567 2233 v
589 2202 595 2244 Ι
614 2204 636 2235 6
659 2203 884 2244 φλυαροῦσιν
906 2212 914 2234 z
939 2203 976 2240 -Ι-
997 2198 1348 2245 ἢμαστροπεύσυσιν
1370 2211 1405 2241 a;
1428 2200 1460 2233 A
1475 2210 1606 2233 versum
1625 2208 1639 2242 5
1656 2199 1768 2234 omisit
1790 2205 1896 2234 totum

452 2260 483 2285 tre
494 2252 603 2288 librum
616 2254 663 2288 111
674 2255 849 2288 decurtans
867 2256 874 2296 Ι
893 2252 1144 2299 προσάγουσαι
1156 2265 1190 2287 m
1203 2265 1235 2299 p,
1246 2251 1547 2298 προσάπτοντεςί)
1559 2265 1581 2288 o
1601 2255 1606 2297 Ι
1627 2257 1644 2288 7
1662 2250 1730 2289 ούκ
1742 2252 1872 2293 ἐῶντες
1889 2265 1898 2287 2

453 2307 478 2339 αἱ
499 2307 560 2343 οὐκ
583 2308 699 2343 ἐῶσαι
725 2319 745 2352 p
777 2309 783 2352 Ι
812 2306 943 2348 αὐτοὺς
971 2305 1098 2352 νήφειν
1119 2321 1163 2339 Ν
1185 2308 1206 2341 b
1228 2319 1250 2342 o
1279 2309 1284 2352 Ι
1317 2311 1338 2343 8
1359 2306 1546 2347 τοιούτους
1573 2304 1704 2347 αύτοὺς
1725 2320 1769 2338 εν
1792 2308 1811 2340 b
1834 2318 1856 2341 o
1886 2310 1891 2350 Ι

452 2366 523 2395 ποῖοι
545 2363 566 2396 b
589 2372 612 2396 ο
632 2364 639 2404 Ι
659 2362 818 2397 εἰσίασιν
832 2360 993 2397 διάκενοι
1009 2374 1018 2397 :
1035 2360 1156 2397 ἴσασιν
1171 2363 1191 2395 b
1208 2372 1229 2396 o
1248 2365 1253 2405 Ι
1273 2366 1294 2397 9
1317 2359 1562 2397 διδασκόντων
1575 2387 1583 2395 .
1604 2386 1613 2395 .
1629 2358 1895 2404 ἀναγινωσκόν-

452 2425 538 2448 »vm
561 2427 597 2449 m
622 2427 643 2460 p
668 2418 715 2459 νΙ
738 2412 941 2456 ΙοἩσαΐας
962 2421 1007 2455 >
1029 2416 1050 2449 b
1073 2417 1180 2458 0111
1205 2413 1745 2460 ἀκούσητεὴορνΙβλέψητε
1769 2414 1891 2458 ahp{

452 2468 598 2505 Ιτοίτσυ
621 2481 642 2503 a
665 2470 686 2504 b
709 2470 733 2504 h
755 2481 777 2504 ο
801 2482 809 2503 :
834 2473 873 2511 -Ι-
898 2471 960 2504 καὶ
987 2475 1062 2510 τοῖς
1091 2467 1182 2504 ω’σὶν
1208 2467 1329 2506 αὐτῶν
1354 2470 1499 2514 βαρέως
1531 2464 1692 2513 ἤκουσαν
1714 2479 1748 2501 m
1772 2478 1792 2511 p
1816 2479 1836 2499 v
1859 2468 1901 2506 A,

463 2531 565 2558 autem
592 2525 693 2558 etiam
717 2534 757 2558 ea
781 2524 879 2566 addit,
903 2535 986 2569 quae
1008 2524 1043 2558 in
1058 2524 1090 2558 D
1105 2525 1211 2558 adhuc
1233 2530 1410 2569 sequuntur
1431 2525 1435 2565 Ι
1457 2527 1497 2558 16
1520 2520 1640 2558 αὐτῶν
1657 2525 1695 2563 -Ι-
1716 2523 1778 2555 καὶ
1802 2521 1821 2554 b
1836 2532 1859 2555 0
1889 2522 1893 2559 ἱ

452 2580 514 2624 νρίφ
540 2582 579 2619 —†-
605 2576 667 2612 διὰ
689 2580 895 2622 προσευχῆς
909 2579 930 2612 b
949 2578 954 2620 Ι
973 2576 1256 2622 περιτρεχούσας
1271 2590 1280 2613 z
1298 2589 1396 2618 -σαις
1411 2578 1456 2622 bl
1476 2576 1651 2616 ἐπινοίαις
1665 2587 1687 2609 o
1707 2577 1712 2618 Ι
1734 2579 1772 2610 17
1792 2578 1904 2618 φλυα-

452 2635 514 2666 ιῦνε
532 2635 781 2676 φλοιαριοῖνα,
796 2628 981 2676 φλοιᾶρων
993 2630 1058 2673 τὰς
1069 2632 1090 2666 b
1102 2643 1125 2666 ο
1145 2634 1150 2676 Ι
1171 2635 1212 2667 18
1222 2629 1398 2676 πράσσειν
1411 2634 1448 2673 -Ι-
1463 2628 1574 2670 αύτάς
1590 2630 1610 2663 b
1621 2640 1643 2663 0
1662 2632 1668 2673 Ι
1687 2629 1725 2664 αὶ
1741 2642 1749 2663 z
1768 2629 1803 2664 οὶ
1819 2629 1840 2662 b
1855 2639 1877 2662 o
1892 2630 1896 2670 Ι

469 2689 632 2730 Χριστοῦ
657 2698 665 2719 :
689 2689 784 2721 θεοῦ
806 2685 831 2719 h
847 2688 854 2728 Ι
871 2689 981 2730 χῆρες
1002 2687 1026 2720 h
1045 2689 1051 2729 Ι
1069 2690 1114 2721 2⁰
1136 2685 1176 2727 ἐξ
1198 2681 1250 2720 ὦν
1272 2698 1281 2720 :
1306 2683 1376 2727 ἔξω
1401 2686 1421 2719 b
1444 2695 1466 2718 0
1484 2686 1490 2728 Ι
1510 2688 1550 2720 21
1576 2680 1665 2728 πρός
1687 2695 1696 2717 2
1721 2681 1774 2723 εἷς
1795 2683 1815 2717 b
1839 2693 1860 2716 0
1893 2686 1897 2725 Ι

466 2739 579 2782 αὐτὰς
602 2738 805 2784 ἀρκεῖσθαι
829 2752 873 2771 ω
895 2740 915 2773 b
937 2749 959 2774 ο
982 2741 990 2783 Ι
1020 2743 1062 2775 23
1085 2739 1129 2775 ἐκ
1156 2751 1165 2774 :
1194 2739 1231 2775 αὶ
1255 2740 1294 2775 δὲ
1317 2738 1359 2775 ἐκ
1381 2740 1405 2773 h
1427 2741 1434 2781 Ι
1461 2736 1779 2782 ἐμπεριτρέχσυσαι
1809 2748 1828 2769 a
1850 2736 1873 2769 h
1896 2747 1905 2769 ε

452 2807 582 2840 τερετρ.
606 2795 630 2829 b
652 2804 676 2827 ο
699 2805 709 2829 z
733 2792 985 2837 ἐπιτρέχουσαι
1007 2805 1041 2827 m
1064 2806 1085 2838 p
1107 2806 1127 2827 v
1146 2795 1152 2836 Ι
1171 2798 1214 2828 24
1238 2791 1410 2837 εὐπορίαν
1426 2796 1464 2834 -Ι-
1481 2804 1521 2827 τε
1545 2803 1579 2825 m
1602 2803 1623 2836 p
1646 2803 1666 2824 v
1686 2793 1692 2834 Ι
1711 2793 1807 2832 24125
1831 2789 1908 2824 ἐπι-

455 2848 628 2894 ρεύουσιν
651 2848 674 2882 b
697 2858 732 2881 m
758 2858 781 2881 ο
805 2859 825 2892 p
849 2860 869 2881 v
889 2850 895 2890 Ι
913 2851 955 2883 25
977 2845 1094 2890 μόνου
1115 2852 1161 2888 >
1183 2847 1207 2881 h

463 2907 587 2946 Fun,
611 2905 751 2938 Duum.
775 2913 816 2936 rr
837 2903 986 2938 Coum-r.
1009 2914 1060 2938 ΑΡ.
1105 2904 1130 2936 1.
1738 2901 1777 2932 13
