2457 3436
859 369 1127 399 Aposrommnr
1154 370 1235 405 vm,
1258 372 1289 409 5,
1315 371 1408 403 1—6.
1800 361 1878 399 475

493 464 548 506 V.
585 464 670 515 Qui
700 478 755 516 es,
784 464 1010 507 dominator
1037 466 1224 515 Domine,
1253 466 1362 507 Deus
1391 467 1658 520 omnipotens,
1687 466 1794 508 solus
1823 467 1879 507 in-

438 530 543 571 nitus
578 543 625 571 ac
659 543 794 584 regem
836 544 918 572 non
954 530 1112 581 habens,
1153 531 1218 585 qui
1253 544 1409 585 semper
1444 545 1485 572 es
1520 538 1559 572 et
1599 538 1688 572 ante
1729 531 1880 572 saecula

438 595 554 645 ostis,
591 595 658 649 qui
692 595 858 636 omnino
892 594 995 636 nulla
1029 609 1071 636 re
1106 594 1258 649 indiges
1296 609 1537 650 omnemque
1573 610 1728 637 causam
1765 603 1879 651 atque

438 674 515 700 um
548 672 723 713 superas,
750 659 857 701 solus
876 674 1003 711 verus,
1031 660 1138 702 solus
1165 661 1332 714 sapiens,
1361 661 1424 715 qui
1454 660 1560 702 solus
1588 660 1796 702 altissimus
1824 675 1878 711 es,

438 737 521 765 :ara
550 723 765 774 invisibilis,
794 725 903 766 cuius
932 725 1109 778 cognitio
1139 739 1276 779 expers
1303 726 1504 780 principii3
1537 725 1644 767 solus
1679 725 1805 766 bonus
1834 740 1877 766 ac

438 788 715 844 umparabilis,
742 791 808 845 qui
824 791 950 830 omnia
969 791 1076 840 nosti,
1098 798 1297 845 antequam
1315 789 1425 841 fiant,
1454 790 1679 831 occultorum
1701 792 1878 844 cognitor,

438 867 622 904 ccessus,
657 853 822 896 domino
850 868 1005 905 carens3
1060 867 1097 896 2.
1127 854 1236 896 Deus
1266 862 1304 896 et
1339 862 1447 910 pater
1482 856 1671 909 unigeniti
1708 854 1775 896 filii
1809 855 1878 905 tui,

438 918 456 959 :i
475 933 526 959 ac
545 919 759 960 servatoris
778 920 916 969 nostri,
935 919 1119 961 conditor
1138 921 1410 962 universorum
1430 934 1500 975 per
1520 921 1660 974 ipsum,
1686 921 1878 974 provisor,

438 997 505 1033 or,
528 991 646 1038 pater
664 984 1003 1026 misericordiarum
1023 992 1057 1026 et
1077 985 1182 1026 Deus
1207 986 1317 1026 totius
1335 985 1605 1034 consolationis,
1634 986 1699 1040 qui
1725 986 1764 1025 in
1791 984 1881 1026 altis

438 1047 535 1090 bizas
575 1056 610 1089 et
640 1048 799 1090 humilia
834 1051 1007 1104 respicis;
1055 1062 1089 1102 3.
1124 1057 1179 1100 tu,
1217 1051 1281 1104 qui
1321 1049 1460 1091 dedisti
1498 1050 1604 1104 leges
1642 1064 1687 1091 ac
1725 1049 1876 1103 regulas

438 1112 576 1154 :lasiae
611 1127 682 1168 per
710 1113 855 1156 Christi
888 1115 945 1155 tui
979 1114 1188 1167 adventurn
1226 1115 1266 1155 in
1302 1128 1417 1156 carne
1451 1114 1522 1156 sub
1558 1122 1657 1156 teste
1686 1114 1879 1169 paracleto

438 1191 455 1218 r
482 1177 690 1232 apostolos
719 1186 809 1221 tuos
837 1193 881 1221 ac
909 1193 985 1220 nos
1012 1180 1133 1233 gratia
1161 1186 1226 1220 tua
1254 1179 1450 1221 adstantes
1479 1180 1701 1234 episcopos,
1739 1180 1805 1234 qui
1833 1179 1879 1221 ab

438 1242 501 1284 tio
540 1243 763 1297 praestitisti
800 1243 1023 1285 sacerdotes
1061 1245 1100 1285 in
1139 1243 1272 1299 populi
1312 1245 1367 1285 tui
1405 1245 1664 1286 curationem:
1705 1244 1803 1286 Abel
1839 1246 1877 1285 in

438 1308 540 1357 imis,
569 1307 678 1358 Seth,
698 1308 818 1359 Enos,
837 1308 987 1359 Enoch,
1011 1309 1116 1359 Noe,
1144 1308 1404 1351 Melchisedec
1434 1317 1473 1350 et
1493 1309 1581 1360 Iob;
1623 1324 1662 1363 4.
1686 1310 1756 1364 qui
1785 1324 1879 1351 con·

438 1372 546 1414 ,tuisti
566 1372 761 1414 Abraham
792 1380 830 1415 et
858 1381 1011 1415 ceteros
1041 1373 1272 1428 patriarchas
1301 1388 1391 1415 cum
1420 1373 1597 1416 fidelibus
1624 1375 1700 1416 tuis
1728 1374 1879 1416 famulis

439 1450 520 1486 ose,
548 1438 696 1489 Aaron,
722 1437 888 1489 Eleazar,
918 1438 1082 1489 Phinee3
1106 1439 1183 1493 ‘qui
1213 1440 1251 1480 in
1282 1439 1373 1493 ipsis
1403 1439 1651 1493 desumpsisti
1687 1441 1879 1494 principes

453 1502 671 1544 sacerdotes
690 1503 730 1544 in
749 1502 997 1545 tabernaculo
1016 1504 1244 1553 testimonii,
1265 1504 1330 1558 qui
1350 1503 1507 1545 Samuel
1526 1504 1674 1558 elegisti
1695 1505 1734 1545 in
1755 1519 1880 1546 sacer-

438 1573 529 1609 nem
563 1581 607 1609 ac
641 1568 889 1622 prophetam,
922 1569 988 1623 qui
1021 1570 1280 1610 sanctuarium
1315 1576 1425 1610 tuum
1462 1570 1546 1610 sine
1583 1570 1769 1610 ministris
1798 1583 1879 1610 non

438 1630 591 1686 liquisti,
624 1634 690 1688 qui
723 1633 995 1675 benevolentia
1029 1641 1258 1688 prosecutus
1292 1647 1333 1675 es
1367 1648 1450 1684 θος,
1485 1634 1524 1674 in
1560 1633 1696 1688 quibus
1725 1634 1880 1675 voluisti

438 1695 618 1739 lorificari:
660 1710 697 1751 5.
726 1701 810 1753 ipse
829 1712 934 1740 nunc
951 1712 1108 1753 quoque
1138 1699 1348 1740 intercessu
1369 1699 1515 1740 Christi
1544 1699 1600 1739 tui
1629 1712 1698 1753 per
1718 1711 1792 1739 nos
1821 1699 1878 1739 in—

438 1760 515 1803 lude
540 1763 721 1804 virtutem
744 1763 967 1818 principalis
994 1765 1053 1804 tui
1076 1765 1240 1818 spiritus,
1269 1765 1335 1818 qui
1364 1764 1557 1805 ministrat
1585 1762 1728 1805 dilecto
1757 1777 1879 1817 puero

438 1839 473 1866 no
496 1826 577 1869 lesu
594 1827 770 1878 Christo,
797 1842 915 1883 quem
935 1828 1135 1872 voluntate
1163 1836 1228 1870 tua
1257 1828 1419 1870 donavit
1446 1829 1588 1870 sanctis
1616 1827 1805 1883 apostolis
1833 1828 1880 1869 ad

438 1902 452 1930 e
476 1899 665 1933 aeternum
696 1893 827 1935 Deum
864 1893 1157 1948 pertinentibus.
1215 1896 1252 1935 6.
1283 1894 1343 1935 Da
1377 1894 1416 1935 in
1452 1894 1616 1935 nomine
1654 1900 1738 1943 tuo,
1773 1893 1881 1934 Deus

438 1973 525 1980 -ὴ-
532 1977 581 1981 --.

438 2017 515 2043 'ocem
536 2017 756 2056 usurpantem.
801 2011 913 2045 Altera
942 2023 982 2046 ex
1012 2019 1102 2055 parte

438 2061 555 2108 Xdymus
587 2065 639 2099 De
673 2066 816 2099 trinitate
849 2066 875 2107 1,
904 2075 961 2110 27³
995 2066 1052 2105 111.
1086 2077 1099 2109 3

438 2114 482 2156 ,PG
502 2128 543 2163 ³9.
567 2129 638 2163 397.
662 2129 737 2160 400.
761 2120 841 2163 827)
869 2131 944 2154 eam
973 2121 1103 2154 adhibet

438 2168 460 2202 le
474 2178 548 2214 patre
569 2180 665 2219 atque
687 2173 766 2215 filio,
789 2173 830 2213 11,
857 2183 869 2208 1
895 2175 943 2218 (p.
959 2175 1040 2217 452)
1063 2174 1103 2208 de

438 2225 513 2265 {piritu
530 2234 652 2268 sancto.
674 2228 715 2269 11,
737 2228 758 2262 8
782 2229 829 2272 (p.
852 2227 933 2271 608)
956 2238 1104 2262 comme·

438 2286 509 2313 morat
518 2280 576 2325 τὴν
586 2280 806 2326 ἀσύγκριτον
817 2279 926 2323 δόξαν
935 2285 1000 2317 τοῦ
1012 2285 1104 2317 θεοῦ

438 2333 540 2377 ἱατρός,
555 2336 704 2370 similiter
718 2347 756 2370 ac
772 2336 988 2380 Ps.-1gnatius
1004 2336 1104 2370 Trall.

438 2391 453 2423 5·
477 2396 491 2420 2
518 2388 557 2424 τὸ
588 2393 654 2425 τοῦ
687 2388 980 2433 παντοκράτορος
1014 2393 1105 2426 θεοῦ

438 2435 635 2485 ὶπαοόθετον.
658 2443 713 2479 ef.
726 2445 824 2477 etiam
834 2443 1105 2488 Basi1.(Didym.)

438 2490 490 2528 mv.
507 2497 638 2534 Eunom.
663 2498 721 2539 lv,
749 2507 760 2531 1
787 2497 872 2541 (PG.
896 2507 947 2542 29,
970 2497 1062 2540 675).

463 2557 532 2594 1-7.
559 2552 677 2586 Oratio
705 2552 816 2586 locum
840 2552 965 2586 obtinet
987 2552 1019 2585 in
1044 2552 1104 2584 ritu

438 2601 604 2641 ndinafionis
616 2606 778 2651 episcopi.
794 2616 860 2650 quo
868 2612 1000 2640 utuntur
1011 2606 1104 2640 laco-

438 2652 491 2690 Μ
506 2660 711 2695 Alexandrini
740 2660 794 2693 vel
816 2660 981 2704 Coptitae,
1010 2665 1043 2694 et
1072 2660 1105 2692 in

438 2713 473 2742 itu
481 2711 712 2749 Maronitarum.
737 2713 791 2749 Cf.
802 2714 1000 2758 Denzinger,
1013 2714 1105 2747 Ritus

438 2757 606 2804 >¹iemalmm
619 2768 706 2809 1864
717 2768 759 2809 11,
767 2777 910 2811 23—243
924 2777 1025 2802 200—-
1031 2777 1104 2802 201.

459 2826 480 2851 2.
501 2818 519 2856 ὅ
538 2822 625 2863 θεὸς
646 2825 712 2857 καὶ
736 2819 853 2865 πατὴρ
880 2826 945 2857 τοῦ
966 2835 1003 2864 μ.
1026 2821 1105 2857 υἱοῦ

438 2873 485 2916 ¹⁰¹¹]
505 2876 655 2912 Similiter
684 2877 712 2917 1,
735 2877 768 2917 8,
793 2886 825 2917 1;
853 2877 895 2917 11,
924 2885 975 2918 20,
1002 2887 1035 2916 1;
1065 2877 1106 2916 V,

1170 2022 1221 2052 20,
1242 2022 1296 2055 13;
1320 2013 1390 2052 v‚11
1411 2021 1458 2055 35,
1478 1978 1684 2052 10;V111,6,
1703 2022 1757 2052 11;
1784 2020 1832 2051 12,
1850 2012 1880 2044 8.

1172 2077 1220 2109 31.
1248 2076 1296 2109 34.
1324 2065 1378 2108 36;
1411 2076 1459 2108 13,
1486 2076 1543 2107 ¹03
1575 2075 1624 2108 37
1648 2075 1677 2098 2
1724 2065 1775 2099 Cf.
1799 2076 1881 2110 quae

1169 2120 1329 2164 disputavi
1357 2121 1390 2152 in
1416 2120 1498 2153 libro
1530 2120 1594 2153 Die
1616 2120 1722 2164 Apost.
1754 2120 1881 2152 Konstt-

1170 2176 1308 2207 tutionen
1334 2185 1363 2217 p.
1391 2172 1568 2215 165—166.

1216 2238 1243 2270 ς.
1272 2222 1363 2271 ὅπερ
1386 2229 1619 2271 διακονεῖται]
1643 2228 1788 2261 Verbum
1811 2228 1879 2271 qui-

1170 2282 1245 2315 dem
1269 2282 1672 2315 Pneumatomachisrnum
1696 2292 1810 2325 sapere
1834 2282 1882 2313 vi-

1905 1059 1945 1090 10

1907 1383 1974 1414 15·

1171 2336 1273 2370 detur.
1327 2336 1540 2380 Nequaquam
1580 2342 1689 2368 autem
1727 2336 1767 2368 ad
1806 2346 1881 2368 eum
1926 2346 1929 2350 ·

1171 2390 1376 2424 referendum
1411 2396 1471 2423 est.
1516 2389 1623 2423 Etiam
1659 2389 1881 2433 Ephiphanius

1170 2445 1291 2478 Ancor.
1321 2455 1349 2477 c.
1372 2445 1430 2483 68;
1466 2444 1504 2477 H.
1536 2452 1577 2484 74
1606 2454 1633 2476 c.
1660 2452 1673 2484 5
1706 2443 1881 2485 respiciens

1171 2498 1266 2531 Rom.
1295 2508 1343 2540 15,
1367 2498 1387 2531 8
1409 2498 1496 2538 dicit,
1520 2500 1768 2531 συνδιακονεῖι·
1790 2497 1882 2537 (cum

1171 2552 1321 2594 Christo)
1355 2549 1396 2585 τὸ
1424 2555 1564 2592 πνεῦμα
1592 2548 1633 2584 τὸ
1662 2545 1767 2593 ἅγιον
1801 2551 1882 2593 patri

1171 2607 1298 2640 saltem.
1345 2606 1483 2639 Locutio
1506 2604 1620 2638 similis
1649 2610 1699 2637 est
1727 2604 1767 2643 ei,
1801 2614 1883 2648 quae

1171 2661 1212 2700 V,
1243 2669 1292 2700 20,
1320 2670 1355 2702 ¹3
1390 2659 1430 2692 de
1460 2659 1642 2692 ministerio
1676 2658 1732 2691 filii
1765 2658 1883 2701 legitur

1171 2721 1204 2748 et
1238 2715 1279 2747 de
1313 2725 1374 2758 qua
1409 2714 1450 2747 ibi
1485 2713 1654 2757 disputavi.
1710 2713 1882 2745 Praeterea

1171 2768 1442 2802 considerandum
1467 2776 1527 2805 est,
1557 2777 1629 2799 eam
1654 2766 1792 2799 sortasse
1816 2777 1881 2799 non

1173 2823 1302 2867 proprie
1321 2821 1564 2862 Constitutoris,
1588 2820 1647 2853 sed
1670 2821 1709 2853 ab
1733 2820 1795 2853 hoc
1820 2831 1882 2852 una

1173 2887 1247 2909 cum
1271 2876 1420 2909 oratione
1443 2881 1608 2919 receptam
1633 2884 1731 2909 esse.-
