2457 3436
906 407 1127 436 ormiscum
1156 407 1433 437 Apos'rotonuu.
1859 396 1919 437 XI

409 504 718 544 emendationes
759 504 921 557 recipio,
961 516 1055 558 quas
1090 503 1263 544 Corssen
1301 511 1338 544 et
1373 502 1619 544 Wendland¹
1653 504 1917 555 instituerunt,

406 575 600 623 quatenus
638 581 708 609 eas
737 568 931 623 approbo,
965 567 1034 609 sed
1070 569 1185 609 etiam
1222 568 1442 609 versionem
1473 569 1662 623 syriacam
1698 576 1736 610 et
1763 575 1915 610 textum

408 633 764 675 constitutionum
785 633 1058 688 apostolorum
1074 633 1285 687 respiciens
1300 634 1382 687 ipse
1397 641 1547 675 textum
1563 633 1722 675 latinum
1741 641 1914 675 veterem

412 699 579 752 corrigo,
611 698 684 739 ubi
715 697 862 739 lacunis
892 698 954 740 vel
982 698 1064 739 aliis
1093 698 1195 740 vitiis
1225 698 1383 748 laborat,
1413 697 1550 739 formis
1570 699 1765 739 sermonis
1785 696 1916 750 vulga-

411 763 520 813 ribus,
541 762 695 817 quibus
717 764 910 818 interpres
930 762 991 804 vel
1010 762 1182 804 librarius
1203 778 1295 804 usus
1315 770 1386 814 est,
1414 762 1559 804 formas
1580 770 1703 805 rectas
1722 762 1914 804 substituo

406 828 460 869 vel
479 828 551 869 ubi
573 827 803 869 commode
822 827 907 869 fieri
922 836 1052 883 potest
1067 828 1212 869 litteras
1227 828 1440 883 superfluas
1456 828 1606 869 uncinis
1624 827 1795 878 includo,
1815 842 1916 869 non·

406 893 518 934 nullis
549 892 661 934 locis
690 907 923 935 sermonem
952 901 1101 935 textum
1130 907 1314 947 graecum
1346 894 1462 934 nimis
1488 892 1731 935 redolentem
1753 894 1917 946 castigo,

403 958 547 1012 ubique
580 958 915 1012 orthographiam
945 958 1141 1012 vulgatam
1162 972 1315 1013 sequor.
1365 958 1480 1008 Quae
1501 959 1670 999 versioni
1700 959 1819 1000 veteri
1850 957 1914 999 ad·

401 1023 483 1064 dita
503 1032 615 1074 sunt,
638 1024 796 1064 uncinis
820 1025 839 1076 <
867 1023 885 1074 ²>
910 1024 1130 1077 signantur;
1149 1037 1247 1078 quae
1267 1024 1306 1064 in
1328 1038 1372 1064 ea
1391 1022 1553 1064 delenda
1573 1030 1676 1074 sunt,
1697 1023 1848 1064 uncinis
1868 1021 1882 1077 [
1900 1021 1917 1078 J

399 1087 682 1129 includuntur.
734 1087 811 1129 Ubi
841 1088 936 1129 haec
966 1089 1076 1141 signa
1104 1087 1151 1129 ad
1181 1089 1368 1129 lectorem
1400 1087 1666 1130 erudiendum.
1687 1102 1769 1129 non
1800 1087 1916 1129 suffe-

398 1153 548 1202 cerint,
586 1153 692 1194 ratio
727 1160 857 1194 textus
895 1152 1090 1195 emendati
1127 1152 1299 1195 redditur
1334 1155 1373 1194 in
1403 1153 1521 1203 notis,
1557 1154 1594 1193 in
1632 1152 1769 1207 quibus
1798 1153 1914 1194 etiarn

396 1218 606 1259 lectiones
637 1219 832 1259 versionis
862 1219 1033 1272 syriacae
1062 1218 1251 1260 notabiles
1281 1217 1560 1260 exscribuntur.

516 1283 761 1336 fragmenta
778 1283 972 1324 versionis
993 1283 1130 1324 latinae
1151 1284 1291 1325 veteris
1312 1283 1425 1324 nobis
1446 1291 1673 1324 conservata
1697 1282 1913 1324 secundum

396 1348 668 1401 partitionem
690 1361 803 1388 meae
834 1347 1017 1389 editionis
1039 1348 1105 1389 has
1125 1348 1327 1402 particulas
1346 1348 1649 1402 amplectuntur:
1681 1348 1710 1396 1,
1736 1361 1808 1388 1—
1815 1360 1850 1400 3,
1872 1359 1916 1398 2;

400 1425 442 1464 52
475 1424 607 1465 2-‘7’
642 1425 709 1465 173
753 1413 791 1463 8,
827 1413 978 1463 18—-11,
1010 1425 1046 1463 2⁵
1076 1426 1120 1465 43
1163 1413 1210 1462 Π»
1240 1415 1277 1462 6³
1312 1425 1482 1467 17-12,
1517 1426 1554 1463 13
1604 1425 1664 1466 14⁹
1695 1424 1840 1465 9—152
1872 1425 1916 1465 33

404 1478 473 1527 18,
502 1489 678 1527 11—2o‚
702 1489 746 1528 2;
776 1489 841 1527 2ο,
864 1489 1010 1530 9-22,
1032 1479 1075 1528 8;
1106 1490 1169 1528 22,
1196 1490 1363 1531 14-24,
1384 1492 1428 1531 43
1459 1480 1523 1527 26,
1550 1478 1691 1526 ι-28,
1720 1491 1764 1530 4;
1796 1489 1859 1530 34,
1889 1488 1914 1517 2

399 1555 544 1595 -352
576 1555 615 1593 =;
643 1555 710 1596 57,
745 1555 918 1595 10—59‚
951 1555 993 1596 3;
1022 1542 1087 1593 111,
1118 1544 1155 1593 6,
1184 1544 1367 1596 4—8‚4;
1403 1555 1463 1596 15,
1483 1542 1633 1596 4—1v,
1657 1555 1692 1595 5,
1724 1554 1766 1593 2;
1798 1542 1846 1591 v,
1875 1555 1915 1594 7,

406 1610 575 1660 6—27;
611 1607 677 1657 VI,
707 1620 746 1661 7,
778 1620 927 1658 2-12‚
960 1621 999 1658 1;
1042 1620 1100 1657 12,
1135 1620 1304 1660 15—19,
1334 1609 1377 1659 8;
1413 1620 1479 1657 22,
1512 1619 1654 1659 3-23,
1687 1618 1728 1659 53
1769 1618 1832 1659 24,
1868 1618 1914 1647 12

405 1697 464 1702 --
469 1684 541 1725 30,
570 1672 607 1713 8.

527 1737 573 1777 ln
604 1744 711 1778 textu
740 1737 838 1779 duas
859 1739 1059 1779 versiones
1080 1738 1130 1779 ita
1151 1738 1350 1791 distinguo
1380 1746 1422 1779 ut
1445 1737 1645 1791 particulas
1675 1738 1714 1777 in
1735 1737 1915 1777 versione

404 1803 535 1843 latina
563 1810 698 1843 vetere
726 1801 956 1843 deficientes
984 1801 1045 1843 vel
1074 1803 1221 1857 syriace
1250 1809 1401 1843 tantum
1437 1801 1591 1843 traditas
1625 1802 1746 1854 signis
1776 1801 1817 1848 *2
1872 1802 1916 1848 ζ·

405 1867 622 1915 denotem,
659 1867 699 1908 in
736 1868 915 1919 margine
944 1868 1144 1921 superiore
1175 1868 1330 1922 insuper
1360 1867 1494 1908 litteris
1523 1866 1550 1907 S
1580 1866 1640 1907 vel
1669 1867 1700 1907 L
1729 1866 1914 1916 indicem,

406 1942 505 1972 uter
534 1940 661 1972 textus
691 1931 889 1982 reddatur,
919 1933 1088 1987 syriacus
1119 1932 1177 1973 vel
1206 1932 1356 1973 latinus

530 1997 673 2037 Versio
701 1998 866 2051 syriaca,
896 2004 937 2037 ut
958 1997 1164 2038 confestim
1186 1998 1398 2038 accuratius
1419 2011 1627 2051 exponam,
1659 1996 1914 2037 Didascaliam

411 2063 453 2102 in
487 2062 612 2115 capita
642 2061 838 2115 digestam
867 2062 993 2103 tradit.
1049 2062 1183 2104 Nemo
1213 2070 1341 2103 autem
1380 2075 1460 2102 non
1498 2061 1615 2111 videt,
1650 2062 1915 2115 partitionem,

415 2140 534 2181 quam
557 2126 729 2176 exhibet,
761 2140 844 2167 non
865 2128 1032 2167 auctoris
1055 2141 1152 2176 esse,
1176 2126 1244 2168 sed
1266 2128 1483 2181 interpretis
1503 2126 1564 2167 vel
1585 2126 1742 2168 alicuius
1762 2126 1914 2168 librarii.

417 2195 570 2232 Auctor
597 2192 683 2246 ipse
712 2192 944 2244 scripturam
974 2206 1054 2232 non
1086 2193 1125 2233 in
1156 2200 1281 2245 partes
1302 2191 1538 2245 disposuisse
1560 2191 1722 2232 videtur.
1773 2192 1913 2231 Versio

417 2257 533 2297 iatina
561 2256 700 2297 saltem
734 2257 846 2297 omni
876 2257 1081 2309 partitione
1112 2266 1225 2297 caret.
1274 2259 1424 2297 Auctor
1451 2256 1790 2297 Constitutionum
1822 2271 1916 2310 apo-

419 2322 612 2362 stolorum
644 2335 743 2362 vero
766 2336 787 2362 e
807 2321 1020 2362 Didascalia
1050 2336 1117 2363 sex
1138 2321 1254 2362 libros
1284 2321 1424 2371 effecit,
1454 2336 1621 2376 cumque
1647 2321 1778 2362 ambas
1798 2322 1916 2374 scrip-

417 2396 522 2427 turas
555 2386 675 2427 simul
717 2394 833 2441 atque
868 2386 1026 2427 alteram
1063 2388 1166 2427 iuxta
1200 2386 1357 2428 alteram
1400 2387 1566 2440 positam
1605 2386 1730 2436 edam,
1772 2385 1914 2426 eodem

420 2451 542 2492 modo
582 2452 702 2493 etiarn
740 2451 956 2492 Didascalia
993 2452 1088 2493 mihi
1127 2451 1332 2493 dividenda
1370 2465 1454 2492 esse
1494 2451 1656 2491 videtur.
1715 2451 1917 2491 Praeterea

529 2599 536 2615 ¹
564 2593 716 2625 Berliner
734 2593 957 2636 philologische
984 2593 1225 2636 IVochenschnfl
1252 2602 1333 2636 1900
1358 2592 1421 2625 No.
1449 2601 1582 2635 39--4o.
1629 2591 1712 2624 Tres
1736 2591 1916 2623 emendati-

416 2658 497 2679 ones
521 2647 660 2685 Hauler,
684 2651 720 2679 ut
744 2647 824 2679 mihi
848 2657 905 2690 per
927 2647 1049 2680 litteras
1074 2647 1338 2686 communicavit,
1363 2646 1509 2679 codicem
1534 2645 1684 2689 relegens
1709 2645 1918 2678 confirmatas

415 2702 551 2741 invenit,
577 2711 624 2734 sc.
651 2700 693 2741 11,
722 2710 771 2740 ιο,
797 2710 831 2734 2;
857 2700 966 2734 effecti
990 2713 997 2734 ε
1022 2711 1095 2734 esse
1119 2707 1161 2741 et,
1185 2702 1241 2741 V1,
1266 2710 1317 2743 23,
1338 2710 1371 2743 5:
1397 2700 1524 2733 vincula
1547 2705 1655 2732 autem
1681 2711 1688 2732 :
1712 2699 1739 2731 is
1763 2698 1917 2731 incultam

415 2766 502 2794 cum,
525 2755 583 2796 vl,
608 2763 664 2799 29,
688 2764 728 2794 4:
754 2756 868 2788 sectari
893 2767 900 2788 ε
925 2762 957 2788 et
980 2757 1055 2789 cari.
1103 2755 1198 2799 Legit
1220 2755 1259 2794 Π,
1287 2756 1334 2792 ι8,
1362 2764 1398 2796 13
1425 2754 1638 2799 requiescent,
1664 2759 1696 2785 ut
1721 2754 1783 2785 iam
1808 2751 1917 2791 edidit,

412 2820 499 2841 non:
531 2817 566 2842 et
593 2810 780 2853 quiescent.
826 2809 958 2849 Moneo,
995 2820 1117 2843 nomen
1148 2810 1290 2843 virorum
1320 2808 1450 2841 illorum
1481 2808 1521 2840 de
1550 2807 1701 2840 versione
1730 2805 1919 2848 castiganda

409 2864 542 2907 optime
567 2864 768 2896 meritorum
791 2874 858 2896 non
881 2865 1032 2897 omnibus
1058 2864 1351 2901 emendationibus,
1375 2862 1434 2895 sed
1455 2861 1687 2905 insignioribus
1712 2866 1837 2893 tantum
1862 2858 1919 2890 ad·

409 2918 576 2962 >criptum
603 2927 694 2950 esse.
