2457 3436
466 369 505 409 X
1070 379 1353 408 mormannum.

467 476 680 518 editionem
719 475 998 529 Lagardianam
1037 475 1132 516 mihi
1169 475 1440 529 interpretatus
1476 482 1546 525 est,
1588 486 1627 516 et
1666 488 1744 528 ego
1782 488 1874 516 eum
1916 475 1956 515 in

465 541 636 594 linguam
666 542 822 582 latinam
853 540 998 594 redegi,

573 606 799 661 Priusquam
829 606 923 647 haec
951 606 1079 647 versio
1108 605 1218 660 prelo
1247 605 1367 647 subici
1396 611 1561 658 poterat,
1596 613 1673 645 tres
1709 603 1803 645 aliae
1837 618 1957 659 appa-

465 678 637 712 ruerunt.
694 671 734 712 Ρ.
764 671 887 711 Nau¹
917 671 1145 724 scripturam
1175 669 1389 711 secundum
1419 676 1570 710 textum
1599 668 1884 722 Lagardianum
1916 670 1956 710 in

465 749 691 776 sermonem
731 735 924 788 gallicum,
965 735 1232 788 Margareta
1266 734 1458 790 Dunlop
1494 733 1703 775 Gibson²
1736 733 1955 775 secundum

466 799 644 841 codicem
673 800 1030 854 Mesopotamicum
1060 800 1232 853 priorem
1261 800 1302 840 in
1327 799 1499 853 linguam
1529 798 1719 852 anglicam
1747 799 1957 850 transtulit,

466 865 560 906 haec
594 879 689 906 vero
725 878 806 905 non
840 872 965 906 totam
1002 865 1243 918 scripturam,
1284 863 1352 905 sed
1394 866 1518 919 capite
1552 864 1744 905 versionis
1779 864 1957 918 syriacae

465 929 603 971 ultimo
625 929 697 983 (=
719 929 888 971 Constit.
908 938 1034 984 apost.
1056 929 1124 979 VI,
1149 928 1325 984 19—30)
1346 930 1509 978 omisso,
1539 928 1644 983 quod
1674 929 1707 969 ei
1734 943 1782 969 ex
1800 930 1958 971 ratione

465 1009 578 1049 supra
598 1002 910 1036 commemorata
930 1008 1011 1035 non
1032 996 1247 1048 genuinum
1270 1008 1354 1035 esse
1373 993 1591 1044 videbatur;
1620 994 1648 1034 Ι.
1668 993 1960 1047 Plemming³

466 1058 664 1101 codicibus
689 1059 863 1100 Parisino
889 1059 1205 1112 Mesopotamico
1232 1058 1540 1112 Cantabrigiensi
1564 1057 1751 1099 industrie
1781 1060 1958 1100 excussis

466 1123 527 1165 vel
557 1138 696 1166 eorum
721 1123 953 1165 lectionibus
974 1123 1179 1177 diligenter
1198 1124 1425 1165 examinatis
1444 1124 1667 1164 versionem
1687 1124 1957 1176 germanicam

465 1190 641 1239 instituit,
671 1190 731 1230 cui
760 1190 788 1231 Ι.
818 1189 1010 1230 Achelis
1038 1189 1328 1229 dissertationes
1357 1188 1404 1229 de
1435 1189 1587 1242 origine
1616 1188 1870 1238 Didascaliae,
1907 1188 1959 1230 de

466 1254 663 1309 disciplina
693 1255 949 1296 ecclesiastica
979 1268 1026 1295 ex
1055 1268 1099 1295 ea
1129 1254 1372 1295 elucescente
1402 1261 1441 1295 et
1470 1253 1518 1295 de
1547 1254 1668 1295 Novo
1691 1253 1958 1295 Testamento

464 1320 631 1361 auctoris
660 1319 818 1361 addidit.
867 1319 1020 1369 Quibus
1050 1333 1138 1360 cum
1165 1318 1419 1368 versionibus,
1449 1319 1672 1372 praesertim
1701 1318 1825 1365 tertia,
1855 1333 1958 1373 quae

465 1385 601 1426 ceteris
644 1385 768 1426 multo
807 1391 983 1438 praestat,
1028 1384 1207 1439 equidem
1251 1398 1381 1425 meam
1421 1382 1482 1425 vel
1519 1383 1766 1425 Socinianam
1805 1384 1960 1425 contuli

465 1464 628 1504 eamque
657 1450 805 1503 collega
834 1463 926 1490 meo
955 1448 1126 1504 Seybold
1156 1448 1337 1490 consulto
1367 1449 1496 1502 paucis
1525 1448 1622 1489 locis
1650 1448 1814 1489 correxi.

571 1514 723 1556 Textus
751 1514 940 1556 versionis
970 1519 1139 1569 syriacae
1166 1513 1236 1568 (S)
1266 1513 1501 1555 fidelissime·
1519 1513 1654 1555 codice
1674 1513 1850 1554 Parisino
1880 1521 1959 1555 tra-

465 1579 579 1629 ditur,
617 1581 657 1620 in
698 1593 777 1634 quo
820 1579 948 1621 versio
987 1587 1119 1620 nostra
1159 1580 1303 1620 nititur.
1361 1579 1570 1620 Rarissime
1606 1585 1756 1619 tantum
1795 1577 1959 1620 codices

464 1644 802 1698 Mesopotamicus
832 1644 944 1698 (Sm)
976 1652 1014 1686 et
1044 1644 1373 1697 cantabrigiensis
1394 1643 1487 1698 (Sc)
1519 1644 1554 1684 ei
1583 1650 1791 1698 praestant,
1820 1650 1860 1685 et
1890 1643 1959 1685 ubi

465 1723 601 1750 eorum
632 1709 748 1750 lectio
778 1718 931 1763 recepta
960 1708 1029 1750 fuit
1058 1709 1119 1750 vel
1147 1709 1305 1750 alicuius
1325 1709 1519 1750 momenti
1540 1715 1610 1760 est,
1641 1708 1689 1749 de
1710 1708 1824 1749 eisin
1846 1710 1958 1750 notis

464 1775 655 1815 rationem
692 1773 827 1824 redd0‚
863 1774 1040 1815 codicem
1080 1774 1296 1815 Parisinum
1332 1774 1390 1815 his
1424 1775 1521 1815 locis
1555 1774 1767 1815 accuratius
1796 1773 1850 1828 Sp
1888 1774 1957 1816 de-

464 1839 634 1892 signans,
670 1853 759 1880 cum
794 1839 882 1879 alias
917 1853 1006 1880 eum
1042 1840 1157 1880 etiam
1193 1839 1316 1880 littera
1345 1838 1371 1880 S
1400 1838 1482 1879 sola
1512 1839 1685 1880 denotet.
1743 1838 1958 1881 Lectiones

464 1902 617 1944 illorum
643 1904 810 1945 duorum
838 1903 1016 1950 codicum
1045 1904 1298 1945 creberrimae
1326 1912 1429 1945 certe
1455 1903 1569 1944 falsae
1589 1902 1650 1945 vel
1670 1902 1779 1944 valde
1800 1902 1958 1955 dubiae,

465 1968 513 2009 de
551 1968 688 2023 quibus
726 1969 914 2010 lectorem
959 1968 1005 2010 ad
1045 1968 1258 2010 editionem
1302 1968 1580 2010 Gibsonianam
1623 1968 1684 2009 vel
1725 1969 1956 2010 versionem

465 2033 813 2087 Plemmingianam
844 2035 1015 2084 remitto,
1046 2034 1141 2074 mihi
1171 2033 1535 2088 praetermittendae
1564 2047 1647 2074 esse
1676 2032 1920 2075 videbantur.

572 2101 712 2155 Neque
741 2113 836 2140 vero
865 2099 1091 2140 versionem
1121 2106 1248 2140 textus
1277 2099 1415 2153 syriaci
1451 2106 1574 2140 totam
1611 2098 1788 2140 exhibeo.
1847 2099 1957 2141 Cum

465 2166 686 2218 nuperrime
707 2166 835 2205 versio
857 2164 1094 2205 Didascaliae
1124 2164 1237 2204 latina
1266 2170 1376 2204 vetus
1406 2165 1444 2204 in
1475 2164 1602 2205 lucem
1624 2163 1823 2217 prodierit,
1853 2178 1957 2219 quae

464 2229 660 2283 exemplar
687 2244 869 2283 graecum
899 2243 1013 2283 quam
1036 2230 1204 2269 maxime
1234 2229 1281 2269 ad
1301 2229 1462 2269 verbum
1484 2236 1638 2270 vertens
1659 2230 1775 2269 etiam
1796 2228 1958 2271 fidelior

464 2302 523 2335 est
542 2295 701 2349 syriaca,
723 2309 806 2335 eam
828 2301 978 2348 repete,
1008 2294 1046 2334 in
1068 2301 1254 2349 quantum
1277 2293 1389 2334 nobis
1410 2301 1635 2335 conservata
1657 2300 1726 2334 est.
1775 2293 1955 2336 Textum

463 2367 592 2401 autem
614 2360 760 2402 codicis
776 2360 1019 2400 Veronensis
1039 2358 1099 2399 vel
1121 2358 1302 2400 editionis
1322 2358 1576 2400 Haulerianae
1596 2372 1679 2399 non
1699 2359 1954 2401 immutatum

463 2424 599 2475 reddo,
629 2425 722 2466 mihi
745 2438 983 2479 proponens,
1014 2437 1094 2464 non
1120 2431 1198 2464 tam
1221 2424 1444 2465 versionem
1466 2423 1567 2464 illam
1588 2438 1704 2478 quam
1725 2425 1954 2466 versionem

464 2489 702 2531 Didascaliae
723 2490 841 2543 ipsius
862 2489 990 2539 edere,
1012 2489 1048 2529 in
1071 2497 1257 2543 quantum
1280 2487 1362 2529 fieri
1383 2496 1525 2542 potest.
1567 2488 1699 2543 Itaque
1719 2503 1800 2529 non
1820 2489 1955 2531 solum

573 2620 654 2652 ¹'La
679 2620 863 2652 Didascalie
886 2619 1081 2652 c’est-d-dIre
1105 2618 1342 2662 L'EnseIgment
1370 2619 1544 2662 catholique
1571 2620 1622 2652 des
1650 2620 1745 2662 douze
1773 2621 1896 2663 apdtres
1926 2625 1957 2653 et

461 2675 513 2706 des
535 2676 632 2707 saints
654 2675 795 2718 di5ciples
817 2675 855 2706 de
878 2679 966 2706 notre
990 2673 1136 2706 Sanveur
1165 2673 1302 2705 traduite
1330 2673 1373 2706 du
1395 2674 1539 2717 syriaque
1555 2679 1639 2717 pour
1661 2674 1693 2705 la
1712 2675 1870 2717 premiere
1882 2674 1956 2717 fois

466 2737 557 2772 1902.
604 2728 731 2761 Extrait
754 2729 797 2760 du
823 2728 991 2761 Canoniste
1011 2729 1254 2771 contemporain.

572 2786 585 2805 ²
606 2782 716 2815 Horae
739 2782 913 2815 Semiticae
936 2776 974 2815 11.
1020 2781 1094 2814 The
1117 2781 1301 2814 Didascalia
1324 2781 1549 2826 apostolorum
1573 2781 1604 2814 in
1630 2781 1764 2824 English
1792 2790 1885 2825 1903.

573 2840 585 2859 ³
607 2837 671 2869 Die
692 2837 823 2880 syrische
845 2836 1034 2869 Didascalia
1059 2836 1205 2878 :ibcrsclzt
1228 2836 1292 2868 und
1315 2836 1434 2869 erklcirt
1456 2847 1519 2868 von
1544 2835 1633 2868 Hans
1651 2835 1774 2869 Achelis
1796 2837 1864 2869 und
1883 2836 1954 2879 Joh.

461 2891 639 2934 FIemming
666 2900 748 2934 1904
771 2890 885 2933 (Texte
909 2891 972 2923 und
999 2890 1270 2932 Untcrsuchungen
1294 2896 1355 2923 etc.
1380 2889 1484 2931 XXV,
1510 2899 1545 2930 23
1569 2890 1669 2923 series
1692 2900 1778 2922 nova
1801 2890 1843 2931 X,
1870 2891 1916 2933 2).
