2457 3436
840 357 1155 387 cons‘rrru'rmuns
1183 357 1460 387 Apos'romnuu.
1847 349 1898 386 23

395 453 525 508 ἡνίκα
554 452 752 508 ἐξήγαγον
778 451 882 506 ὑμᾶς
909 453 956 495 ἐκ
982 459 1054 508 γῆς
1073 452 1300 506 Αἰγύπτου,
1328 456 1420 506 περὶ
1451 458 1612 495 θυσιῶν
1640 455 1709 494 καὶ
1728 450 1898 495 ὁλοκαυ-

397 518 638 572 τωμάτων“
674 518 768 574 (Ier.
805 531 842 572 7,
873 530 936 560 21.
966 517 1052 572 22).
1108 521 1194 560 καί·
1230 520 1303 568 ,,Τί
1329 533 1398 570 μοι
1425 522 1591 572 πλῆθος
1620 523 1708 559 τῶν
1736 522 1900 559 θυσιῶν

400 583 523 636 ὑμῶν
529 601 544 634 ,·
570 584 731 638 πλήρης
758 584 836 636 εἰμὶ
864 580 1228 636 ὁλοκαυτωμάτων
1255 588 1399 634 κριῶν,
1427 586 1496 625 καὶ
1525 584 1646 635 στέαρ
1665 579 1808 636 ἀρνῶν
1829 585 1897 624 καὶ

399 647 502 702 αἷμα
516 647 686 701 ταύρων
702 650 768 690 καὶ
783 647 952 702 τράγων
966 644 1016 689 οὗ
1029 646 1242 701 βούλομαι,
1257 645 1345 689 οὐδ’
1358 646 1411 689 ἂν
1427 647 1598 702 ἔρχησθε
1613 647 1797 702 ὀφθῆναί
1809 663 1878 700 μοι
1890 661 1898 669 ·

401 717 464 763 τίς
492 713 573 768 γὰρ
590 712 796 768 ἐξεζήτησε
814 717 945 755 ταῦτα
964 713 1011 754 ἐκ
1028 712 1152 768 [τῶν]
1167 717 1316 766 χειρῶν
1335 710 1472 765 ὑμῶν,·
1501 721 1645 754 πατεῖν
1669 712 1748 765 τὴν
1768 709 1897 765 αὐλήν

399 794 483 831 μου
512 774 564 820 οὗ
589 777 881 832 προσθήσεσθε
912 777 1211 833 (προσθήσετε)
1241 776 1316 819 ἔτι·
1347 776 1417 818 ἐὰν
1440 778 1589 831 φέρητε
1618 778 1690 831 (-Ι-
1710 792 1778 829 μοι
1799 776 1895 831 CG)

403 845 625 896 σεμίδαλιν,
660 841 853 896 μάταιον·
889 844 1071 896 θυμίαμα
1103 841 1303 896 βδέλυγμά
1334 844 1404 894 μοί
1436 842 1537 883 ἐστι·
1577 842 1649 891 τὰς
1683 844 1898 895 νεομηνίας

401 906 525 961 ὑμῶν
553 910 622 949 καὶ
649 907 701 949 τὰ
720 907 901 959 σάββατα
920 909 988 949 καὶ
1005 905 1158 962 ἡμέραν
1175 906 1352 962 μεγάλην
1372 904 1450 949 οὐκ
1470 906 1677 960 ἀνέχομαι·
1708 908 1897 960 νηστείαν

401 976 470 1014 καὶ
502 970 647 1027 ἀργίαν
674 975 743 1014 καὶ
769 972 843 1021 τὰς
870 970 1014 1025 ἑορτὰς
1032 970 1150 1025 ὑμῶν
1168 981 1277 1025 μισεῖ
1293 970 1318 1025 ἦ
1337 971 1443 1026 ψυχή
1461 986 1559 1025 μου·
1590 970 1811 1026 ἐγενήθητέ
1826 986 1896 1024 μοι

401 1040 461 1086 εἰς
494 1037 767 1092 πλησμονήν“
802 1037 895 1092 (les.
937 1051 969 1088 1,
1009 1038 1201 1091 11—14).
1258 1040 1325 1078 καὶ
1360 1033 1589 1092 [ἀλλαχοῦ]
1624 1036 1897 1091 „findernam-⁹

401 1100 477 1144 ἀπ’
504 1103 605 1155 ἐμοῦ
632 1095 731 1156 ἦχον
750 1098 875 1155 ᾠδῶν
895 1115 971 1144 σου
990 1104 1054 1144 καὶ
1076 1102 1244 1155 ψαλμὸν
1265 1101 1474 1156 (ψαλμοῦ)
1500 1101 1690 1155 ὀργάνων
1714 1114 1791 1143 σου
1819 1100 1897 1143 οὐκ

401 1166 721 1221 εἰσακούσομαιί
756 1166 1003 1223 (ἀκούσομαι
1034 1167 1127 1217 CG;
1163 1169 1251 1208 Am.
1283 1180 1318 1219 5,
1351 1166 1437 1221 23).
1494 1169 1561 1208 καὶ
1592 1166 1769 1222 [xviam]-
1805 1166 1898 1217 „06

403 1234 570 1286 δέξομαι
603 1232 650 1274 ἐκ
677 1236 753 1274 τοῦ
782 1232 898 1274 οἴκου
932 1245 1007 1273 σου
1040 1231 1217 1285 μόσχους
1250 1231 1344 1274 οὐδὲ
1381 1232 1426 1273 ἐκ
1460 1237 1550 1273 τῶν
1582 1234 1787 1283 ποιμνίων
1821 1243 1897 1273 σου

399 1297 616 1350 χιμάρους·
644 1296 718 1351 ἐμὴ
744 1297 820 1350 γάρ
848 1297 962 1339 ἐστιν
987 1295 1012 1351 ἧ
1034 1298 1249 1350 οἰκουμένη
1278 1300 1346 1338 καὶ
1370 1297 1422 1338 τὸ
1444 1297 1648 1351 πλήρωμα
1676 1293 1817 1351 αὐτῆς·
1844 1297 1892 1349 μδ

400 1361 585 1416 φάγομαι
614 1361 846 1417 (φάγωμαι)
876 1363 975 1415 κρέα
993 1361 1160 1414 ταύρων
1185 1359 1209 1416 ἢ
1229 1360 1325 1414 αἷμα
1353 1361 1520 1415 τράγων
1546 1364 1690 1414 πίομαι
1721 1361 1897 1415 (πίωμαι

403 1451 456 1456 -
492 1428 555 1469 Ps.
590 1440 658 1481 49,
693 1440 731 1480 9.
771 1426 968 1481 12—14);
1009 1431 1144 1468 θῦσον
1177 1432 1239 1479 τῷ
1275 1431 1362 1480 θεῷ
1398 1430 1550 1468 θυσίαν
1583 1427 1774 1474 αἰνέσεως
1812 1425 1896 1481 [καὶ

401 1488 563 1541 ἀπόδος
589 1495 652 1545 τῷ
679 1491 842 1545 ὑψίστῳ
870 1492 942 1541 τὰς
969 1488 1087 1544 εὐχάς
1115 1491 1233 1547 σου]“
1262 1492 1345 1546 (Ps.
1378 1505 1441 1544 50,
1475 1492 1557 1545 19).
1615 1494 1698 1533 καί·
1736 1493 1897 1540 ,,Θυσιά

401 1562 468 1610 τῷ
502 1562 595 1610 θεῷ
625 1561 786 1610 πνεῦμα
819 1559 1202 1610 συντετριμμένον.“
1257 1559 1322 1598 καὶ
1364 1555 1508 1604 ἁπλῶς
1548 1556 1592 1597 ἐν
1625 1555 1774 1604 πάσαις
1796 1565 1898 1604 ταῖς

401 1631 578 1676 γραφαῖς
592 1618 743 1675 ὁμοίως
755 1622 832 1671 τὰς
843 1624 991 1671 θυσίας
1005 1622 1272 1664 ἀπαναίνεται
1289 1621 1354 1663 διὰ
1374 1621 1423 1664 τὸ
1438 1620 1730 1675 ἐξαμαρτάνειν
1745 1619 1898 1668 αὐτοὺς
1919 1640 1922 1642 ·

401 1688 461 1735 εἷς
489 1683 622 1729 αὐτὸν
650 1687 693 1738 ἐξ
719 1684 846 1741 ἄκρας
870 1689 1015 1735 κακίας
1042 1686 1114 1742 (4-
1135 1703 1180 1729 τε
1198 1686 1287 1740 καὶ)
1314 1686 1525 1735 ἀπειθείας
1544 1685 1622 1741 [τε]
1642 1687 1709 1727 καὶ
1729 1688 1897 1739 σκληρο-

402 1754 589 1805 καρδίας·
625 1754 793 1802 ,,θυσίαι
826 1751 903 1806 γὰρ
936 1751 1097 1802 ἀσεβῶν
1129 1753 1328 1805 βδέλυγμα
1356 1751 1453 1807 [τῷ]
1484 1755 1571 1802 θεῷ
1601 1749 1752 1805 (κυρίῳ
1781 1749 1895 1804 CG)·

400 1819 474 1858 καὶ
507 1816 587 1870 γὰρ
619 1816 869 1870 παρανόμως
902 1819 1206 1870 προσφέρουσιν
1239 1815 1396 1864 αὐτός’
1425 1817 1562 1870 (Prov.
1594 1828 1658 1865 21,
1688 1814 1776 1869 27),
1810 1817 1894 1856 καί·

401 1915 429 1932 ,,
437 1884 581 1924 θυσίαι
600 1880 744 1923 αὐτῶν
763 1880 821 1930 ὥς
840 1880 965 1934 ἄρτος
982 1883 1167 1930 πένθους
1185 1878 1338 1930 αὐτοῖς,
1367 1884 1434 1922 καὶ
1453 1881 1608 1929 πάντες
1627 1880 1666 1921 oz
1685 1880 1897 1928 ἐσθίοντες

402 1943 532 1995 αὐτὰς
558 1945 924 2000 μολυνθήσονται“
953 1946 1049 2001 (Os,
1072 1959 1108 1999 9,
1128 1946 1189 2001 4).
1238 1946 1302 1988 διὸ
1321 1946 1371 1999 δὴ
1390 1949 1458 1987 καὶ
1478 1950 1538 1998 τῷ
1558 1945 1700 1987 Σαοὺλ
1730 1942 1753 1985 ὁ
1782 1950 1898 1993 θεῖος

401 2011 601 2065 Σαμουὴλ
627 2011 778 2064 ἔλεγεν·
809 2009 1012 2064 ,,Ἆγαθὸν
1032 2008 1135 2063 ἀκοὴ
1167 2010 1292 2066 (α’κοὴ
1310 2010 1465 2065 α’γαθὴ)
1495 2008 1598 2061 ὑπὲρ
1623 2013 1770 2058 θυσίας
1801 2009 1897 2062 (θυ-

401 2079 498 2118 σίαν
528 2076 638 2131 CG),
667 2078 735 2117 καὶ
763 2075 950 2129 άκρόαμα
977 2074 1082 2129 ὑπὲρ
1110 2077 1232 2129 στέαρ
1261 2081 1408 2129 κριῶν·
1446 2075 1535 2118 ἰδοὺ
1562 2074 1639 2129 γὰρ
1668 2072 1752 2131 [οὐ]
1782 2076 1896 2116 θέλει

401 2140 548 2194 κύριος
567 2143 714 2189 θυσίας
730 2141 903 2195 (θυσίαν
918 2141 1013 2196 CG)
1030 2139 1089 2189 ὡς
1108 2140 1159 2182 τὸ
1175 2141 1342 2182 ἀκούειν
1358 2139 1607 2195 (εἰσακούειν
1623 2140 1718 2195 CG)
1741 2139 1895 2181 av’totW

403 2207 445 2260 (1
474 2207 574 2261 Reg.
606 2218 667 2258 15,
698 2205 784 2260 22).
841 2207 876 2247 εἰ
903 2208 1046 2247 τοίνυν
1074 2209 1139 2247 καὶ
1169 2206 1252 2258 πρὸ
1284 2210 1352 2260 τῆς
1380 2209 1607 2258 παρουσίας
1636 2202 1764 2247 αὐτοῦ
1793 2203 1897 2256 ὑπὲρ

402 2274 555 2320 θυσίας
577 2270 771 2326 (θυσίαν)
792 2273 963 2324 καρδίαν
990 2271 1182 2324 καθαρὰν
1201 2271 1380 2326 ἐπεζήτει
1401 2273 1469 2312 καὶ
1487 2275 1646 2323 πνεῦμα
1665 2282 1898 2322 συντετριμ-

400 2338 545 2389 μένον,
563 2339 710 2389 πολλῷ
727 2340 888 2389 μᾶλλον
906 2336 1047 2378 ἐλθών
1065 2336 1213 2378 ἔπαυσε
1232 2336 1308 2384 τὰς
1327 2336 1381 2378 δι’
1399 2336 1583 2389 αἱμάτων
1604 2337 1750 2383 θυσίας
1767 2335 1835 2389 (C.
1848 2337 1895 2376 A.

405 2401 476 2451 VI,
498 2413 563 2452 22,
584 2401 732 2455 2—5)·
762 2400 856 2442 οὐδὲ
884 2400 1011 2443 πάλιν
1040 2400 1210 2456 (πάλαι)
1241 2400 1431 2453 δεόμενος
1459 2399 1612 2449 αὐτῶν,
1643 2397 1701 2448 ὡς
1728 2401 1895 2453 εἴρηται,

402 2465 502 2507 ἀλλ’
528 2466 564 2507 εί
590 2469 832 2520 βουληθῶσι
860 2470 1082 2520 συγχωρῶν
1110 2468 1178 2507 καὶ
1206 2467 1240 2507 εἰ
1268 2464 1352 2507 άπὸ
1380 2465 1543 2519 γνώμης
1572 2461 1703 2518 ὀρθῆς
1729 2468 1897 2515 προσοί-

403 2543 563 2581 σουσιν,
592 2528 717 2586 [ὅθεν
744 2530 874 2587 φησί]·
903 2532 985 2581 ,,Εἰ
1012 2530 1131 2572 θέειν
1154 2531 1376 2583 ἐπιθυμεῖς,
1408 2529 1461 2571 οὐ
1487 2531 1666 2582 δεομένῳ
1692 2544 1761 2581 μοι
1791 2535 1897 2571 θῦε“

404 2596 492 2650 (Ps.
513 2608 579 2649 49,
600 2595 769 2651 8—14).
810 2594 940 2638 ὁπότε
965 2597 1008 2637 δὲ
1033 2594 1185 2637 τούτου
1204 2594 1430 2649 ἀμνήμονες
1449 2595 1639 2648 ἐγένοντο
1658 2596 1726 2635 καὶ
1743 2593 1898 2647 μόσχον

403 2661 501 2703 α’ντὶ
529 2665 634 2703 θεοῦ
665 2660 770 2703 θεὸν
796 2661 1096 2703 ἐπεκαλέσαντο
1124 2662 1193 2701 καὶ
1221 2659 1359 2712 τούτῳ
1388 2659 1466 2712 τὴν
1493 2661 1628 2702 αἰτίαν
1658 2663 1728 2714 τῆς
1757 2661 1798 2710 ἐξ
1826 2661 1897 2701 Αί-

401 2726 566 2780 γύπτου
583 2729 753 2778 πορείας
771 2725 1057 2780 ἐπεγράψαντο
1072 2727 1275 2779 λέγοντες·
1296 2721 1452 2775 „Obrue
1468 2725 1509 2766 οὶ
1522 2728 1614 2766 θεοὶ
1630 2737 1716 2774 σου,
1729 2720 1897 2778 Ἰσραὴλ,

401 2792 442 2832 οἱ
471 2789 741 2844 ἐξαγαγόντες
767 2803 811 2832 σε
839 2792 884 2832 ἐκ
910 2796 983 2845 γῆς
1007 2789 1248 2843 Αἰγύπτου“
1277 2789 1366 2845 (Ex.
1395 2802 1458 2843 32,
1482 2790 1543 2844 4),
1572 2792 1638 2831 καὶ
1667 2786 1898 2845 ἀπαρνησά-

398 2871 518 2909 μενοι
548 2855 655 2897 θεὸν
683 2855 759 2897 τὸν
786 2855 853 2897 διὰ
873 2857 1084 2905 Μωϋσέως
1107 2855 1431 2908 ἐπισκεψάμενον
1450 2851 1603 2903 αὐτοὺς
1621 2855 1666 2896 ἐν
1686 2860 1736 2906 τῇ
1756 2857 1897 2907 θλίψει
