2457 3436
770 370 1090 404 coxsnwnoxns
1118 374 1384 405 Apos'romncu
1414 377 1448 413 v,
1479 379 1528 415 ις»,
1552 379 1648 412 2-5,
1879 372 1954 410 291

419 492 454 526 2
479 466 660 528 (XIX).
684 469 750 513 διὸ
764 475 1048 522 παραινοῦμεν
1063 473 1130 513 καὶ
1149 467 1244 523 ὑμῖν
1266 471 1474 525 νηστεύειν
1490 473 1656 524 ταύτας,
1680 472 1737 523 ὥς
1758 478 1826 517 καὶ
1847 474 1958 530 ἡμεῖς

414 530 755 596 νηστεύωμεν
785 536 831 577 ἐν
861 539 925 588 τῷ
958 540 1171 589 ληφθῆναι
1202 535 1336 585 αὐτὸν
1362 535 1435 588 ἀφ’
1463 535 1594 590 ἡμῶν,
1627 537 1740 598 ἄχρις
1767 539 1955 592 ἑσπέρας·

411 616 470 662 2,
508 601 554 645 δὲ
591 607 710 648 ταῖς
746 605 909 650 λοιπαῖς
944 608 1034 648 ταῖς
1070 600 1154 652 πρὸ
1186 606 1262 653 τῆς
950 608 1554 661 παρασκευῆς
1589 594 1739 658 ἐνάτην
1779 603 1895 658 ω’ραν
1933 603 1958 659 ἢ

421 668 614 745 manv
636 661 825 714 ἕκαστος
840 665 1032 715 ἐσθιέτω,
1061 663 1131 718 6‘
1116 664 1231 714 όπως
1249 664 1302 707 ἄν
1320 682 1384 715 τις
1401 666 1584 726 δύνᾞαι,
1615 666 1699 709 α’πὸ
1718 669 1762 710 δὲ
1783 668 1958 721 ἑσπέρας

665 732 811 782 μέχρις
842 729 1207 782 ἀλεκτοροφωνίας
1247 737 1625 785 απονηστιςομενοι.
1702 746 1737 786 3.
1777 734 1955 785 ἐπιφωσ-
2001 745 2022 776 δ

348 787 391 888 ἒ
422 710 1630 852 μῂ
505 794 1488 873 θὶβμιαςσαββατιωινντιςέσήκυωακη
1544 795 1630 838 α’πὸ
1670 796 1840 850 ἑσπέρας
1878 799 1958 848 ἕως

460 862 819 937 Q
852 858 1159 914 ἀγρυπνοῦντες
1192 863 1260 903 καὶ
1287 863 1353 902 ἐπὶ
1381 862 1433 904 τὸ
1460 860 1565 904 αὐτὸ
1601 863 1646 904 ἐν
1680 868 1730 915 τῇ
1763 864 1957 919 ἐκκλησίᾳ

479 918 828 978 ωναθθῡιζόμενοι
846 934 1092 1005 γρηγορεῖτε,
1118 926 1436 978 προσευχόμενοι
1457 928 1526 968 καὶ
1544 926 1730 979 δεόμενοι
1755 934 1832 969 τοῦ
1852 933 1957 970 θεοῦ

497 979 953 1043 ἱντῆθῑανυκτερεύσει*
933 996 1065 1043 υμῶν,
1086 987 1438 1044 ἀναγινώσκοντες
1456 990 1534 1033 τὸν
1557 991 1714 1050 Νόμον,
1733 991 1835 1041 τοὺς
1848 996 1955 1045 Προ-

512 1051 635 1107 φ’μας,
656 1054 744 1104 τούς
772 1055 961 1108 Ψαλμοὺς
990 1057 1125 1109 μέχρις
1159 1054 1451 1107 α’λεκτρυόνων
1484 1060 1677 1109 κραυγῆς·
1713 1059 1780 1098 καὶ
1808 1060 2022 1106 eant-10

524 1125 636 1162 tame
653 1112 755 1170 ὗμων
779 1119 878 1168 τοὺς
905 1122 1230 1180 κατᾙουμένους
1257 1123 1324 1162 καὶ
1354 1118 1606 1180 ἀναγνόντες
1629 1122 1680 1162 τὸ
1703 1119 1955 1200 Εὐαγγέλιον

525 1185 562 1226 b
589 1179 677 1234 φόβῳ
700 1186 762 1227 καὶ
793 1186 839 1227 ἐν
873 1185 1015 1238 τρόμῳ
1047 1189 1115 1228 καὶ
1148 1175 1583 1238 προσλαλῆσαντες-
1541 1191 1603 1238 τῷ
1638 1190 1728 1238 λαῷ
1761 1185 1814 1227 τὰ
1847 1186 1956 1238 πρὸς

426 1262 444 1269 “
460 1251 481 1286 3
519 1248 695 1309 Q
719 1249 931 1292 παύσασθε
964 1254 1041 1292 τοῦ
1073 1253 1257 1299 πένθους
1289 1249 1409 1303 ὑμῶν
1437 1253 1503 1292 καὶ
1540 1251 1714 1306 δεήθητε
1744 1256 1821 1292 τοῦ
1853 1256 1956 1292 θεοῦ

401 1317 426 1325 “
443 1309 467 1334 ³
517 1313 758 1367 &eorumquae
785 1315 863 1356 τὸν
892 1314 1045 1369 Ἰσραὴλ
1072 1317 1139 1357 καὶ
1168 1319 1305 1365 λαβεῖν
1324 1313 1456 1357 αὐτὸν
1483 1315 1618 1357 τόπον
1642 1318 1859 1369 μετανοίας
1886 1317 1955 1357 καὶ

436 1384 440 1389 ’
513 1382 573 1431 τῆς
590 1376 746 1429 α’σεβείας
772 1379 935 1432 ἄφεσιν·
982 1395 1021 1433 4.
1051 1378 1117 1422 ὅτι
1146 1377 1170 1422 ὁ
1194 1395 1269 1433 μεν
1297 1379 1530 1431 ἀλλόφυλος
1559 1380 1702 1434 κριτὴς
1730 1379 1954 1432 νιψάμενος
1980 1388 2019 1418 15

507 1442 567 1492 τὰς
584 1452 705 1497 χεῖρας
737 1444 868 1487 εἶπεν·
905 1443 1093 1496 ,,.’4θιῦός
1132 1445 1209 1497 εἰμι
1242 1444 1327 1487 α’πὸ
1366 1449 1443 1487 τοῦ
1477 1445 1646 1498 αἵματος
1682 1451 1760 1487 τοῦ
1795 1447 1955 1486 δικαίου

503 1506 636 1560 τούτου,
662 1506 768 1562 ὑμεῖς
797 1509 995 1562 ὄφεσθε“,
1025 1508 1049 1552 ὁ
1077 1511 1119 1552 δὲ
1140 1506 1295 1564 Ἰσραὴλ
1323 1509 1599 1564 ἐπεβόησεν,
1603 1509 1673 1560 ,Τὸ
1703 1507 1798 1562 αἱμα
1827 1506 1956 1552 αὐτοῦ

494 1569 540 1624 ἔφ’
565 1572 664 1629 ἡμᾶς
695 1577 762 1616 καὶ
796 1574 864 1616 ἐπὶ
891 1573 944 1616 τὰ
969 1576 1094 1617 τέκνα
1120 1572 1281 1629 ἡμῶν,
1317 1576 1385 1616 καὶ
1416 1543 1599 1616 Πιλάτου
1534 1573 1835 1633 -εῑπόντος·
1878 1574 1956 1615 Τὸν

487 1640 630 1686 βασιλέα
658 1637 776 1693 ὑμῶν
804 1639 1054 1690 σταυρώσω,·
1099 1637 1218 1682 αὐτοὶ
1246 1639 1488 1688 ἐπεβόων,
1493 1639 1601 1698 ,Οὔκ
1623 1639 1764 1691 ἔχομεν
1787 1629 1956 1689 βασιλέα

484 1704 510 1746 d
529 1721 579 1765 Η
605 1708 799 1756 καίσαρα·
829 1705 1085 1756 σταύρωσον,
1115 1703 1356 1756 σταύρωσον
1379 1704 1525 1746 αὐτόν·
1554 1708 1634 1752 πᾶς
1660 1705 1736 1757 γὰρ
1765 1702 1788 1746 o‘
1819 1719 1957 1746 ποιων
1979 1711 2023 1741 20

478 1767 612 1812 εαυτόν
636 1771 806 1820 βασιλέα
834 1768 1033 1822 αντιλέγει
1061 1774 1124 1821 τῷ
1151 1773 1327 1821 καίσαρι,
1356 1771 1425 1812 καὶ
1452 1770 1527 1811 ἐὰν
1555 1773 1707 1811 τοῦτον
1735 1767 1955 1828 ἀπολύσῃς,

471 1833 541 1877 οὐκ
558 1834 596 1877 εἱ
610 1838 730 1887 φίλος
748 1838 827 1876 τοῦ
843 1838 1075 1885 καίσαροςἛ
1125 1847 1161 1887 5.
1181 1836 1250 1875 καὶ
1269 1833 1673 1894 Ileifitogo—JJEQE
1691 1837 1759 1875 καὶ
1776 1833 1957 1888 Ἡρώδης

466 1897 491 1941 ὁ
517 1900 712 1960 βασιλεὺς
753 1900 966 1941 ἐκέλευσεν
1006 1898 1137 1941 αὐτὸν
1176 1903 1486 1953 σταυρωθῆναι,
1525 1902 1597 1958 καὶ
1635 1904 1865 1958 πληροῦται
1882 1899 1957 1957 --τὸ

570 2003 612 2033 1⁴
636 1998 814 2037 Hebr.12‚
840 2006 892 2039 17.
926 2016 969 2022 —
1004 2000 1044 2031 16
1066 1996 1124 2030 Mt.
1150 2006 1202 2039 27,
1226 2006 1277 2036 24.
1312 2017 1349 2020 ---
1390 2000 1427 2031 17
1452 1997 1509 2031 Mt.
1544 2006 1593 2039 27,
1619 2006 1669 2039 25.
1705 2017 1740 2020 ---
1782 2001 1820 2031 19
1845 1997 1957 2031 Ioann.

468 2063 514 2096 19,
540 2063 589 2095 ¹-5
613 2052 645 2086 6.
672 2061 721 2086 12.

572 2132 586 2163 Ι
613 2130 677 2162 και·
699 2139 708 2162 x
731 2132 811 2161 ante
834 2129 1082 2169 παραινοῦμεν
1106 2127 1135 2166 b,
1157 2130 1200 2165 >
1224 2136 1246 2159 0
1269 2136 1284 2159 s
1316 2130 1319 2167 j
1352 2123 1481 2165 ταύτας
1504 2137 1521 2159 a
1545 2126 1565 2159 b
1589 2137 1610 2159 o
1632 2126 1685 2159 An
1717 2138 1723 2159 ε
1754 2125 1793 2160 ἐν
1815 2124 1960 2166 ταύταις

465 2182 484 2215 d
507 2183 526 2215 'n
550 2193 584 2215 m
608 2192 630 2226 p
651 2192 666 2215 s
691 2194 712 2213 v
732 2186 738 2223 1
757 2185 780 2215 2
804 2183 986 2223 ληφθῆναι
1010 2191 1029 2214 a
1045 2180 1098 2214 h.
1122 2177 1371 2223 ἀναληφθηναι
1395 2180 1415 2212 b
1432 2180 1452 2212 d
1470 2190 1491 2213 o
1508 2191 1527 2223 p
1546 2191 1561 2213 s
1575 2192 1594 2212 v
1612 2181 1618 2222 Ι
1631 2180 1761 2244 ,μέχρις
1784 2191 1802 2212 a
1822 2187 1827 2218 ι
1848 2183 1867 2214 3
1890 2192 1960 2222 προ

466 2239 523 2280 τῆς
540 2248 548 2269 :
565 2233 710 2279 πρώτης
725 2246 761 2268 m
782 2238 786 2274 ἑ
808 2232 938 2278 ἐνάτην
951 2245 970 2268 a
986 2235 1007 2268 b
1024 2246 1032 2268 t
1048 2232 1154 2277 ἐνάτη
1171 2234 1241 2268 rel·
1238 2259 1242 2277 ,
1263 2229 1361 2277 ω’ραν
1376 2245 1393 2267 a
1412 2246 1419 2267 :
1438 2229 1515 2277 ω’ρα
1531 2235 1578 2268 rel
1598 2239 1603 2274 Ι
1624 2232 1645 2277 ἢ
1660 2239 1704 2273 >
1722 2234 1769 2267 h
1766 2259 1769 2273 .
1788 2238 1808 2268 4
1826 2233 1959 2276 εσπέρα

466 2302 497 2324 m
519 2302 540 2335 p
562 2301 579 2324 s
603 2303 625 2323 v
680 2292 830 2324 δυναται
854 2289 876 2322 b
898 2299 931 2330 ο,
954 2285 1095 2323 δύναιτο
1119 2289 1139 2321 d
1162 2299 1178 2321 s
1205 2291 1285 2329 1415
1309 2285 1381 2322 α’πὸ
1407 2309 1447 2315 -
1470 2285 1790 2331 α’πονηοτιζόμενοι
1816 2300 1823 2320 t
1849 2291 1897 2332 τῷ
1922 2288 1960 2321 δὲ

466 2341 641 2389 σαββάτῳ
657 2344 784 2387 μέχρις
799 2340 1113 2386 ἀλεκτοροφωνίας
1128 2344 1404 2384 παρατείνοντες
1416 2339 1703 2385 α’πονηστίζεσθε
1717 2342 1960 2375 ottobonianus

467 2408 526 2438 442
548 2399 570 2432 i.
594 2410 652 2438 m.,
676 2408 759 2442 quae
783 2397 885 2430 verba
908 2397 1005 2430 etiam
1029 2396 1207 2430 Turrianus
1230 2397 1249 2430 i.
1275 2407 1318 2430 m.
1342 2397 1510 2440 exscripsit
1534 2397 1745 2439 praemittens
1770 2394 1808 2430 ἐν
1831 2391 1925 2428 ἄλλω
1953 2396 1957 2436 Ι

468 2453 502 2487 σὲ
525 2452 682 2495 ἑσπέρας
703 2452 872 2495 πέμπτης
887 2461 906 2484 a
922 2462 931 2484 τ
946 2450 1114 2494 δευτέρας
1137 2451 1158 2484 b
1181 2451 1200 2484 d
1223 2451 1247 2484 h
1269 2461 1303 2484 m
1326 2460 1348 2484 o
1371 2461 1391 2493 p
1415 2461 1430 2483 s
1455 2462 1474 2482 v
1498 2451 1527 2482 A
1550 2451 1604 2483 An
1626 2457 1630 2489 ζ
1651 2454 1700 2484 57
1725 2446 1895 2491 α’πονηστ.
1920 2467 1960 2473 —-

466 2504 783 2548 ἀλεκτοροφωνίας
806 2510 853 2545 >
877 2515 909 2546 ο,
939 2504 1037 2539 etiam
1060 2516 1080 2538 a
1102 2506 1123 2539 i.
1146 2511 1180 2543 t..
1211 2505 1269 2537 sed
1291 2504 1411 2537 addidit
1434 2505 1455 2537 i.
1478 2515 1521 2537 m.
1556 2506 1561 2545 !
1593 2508 1613 2538 τ’)
1635 2500 1963 2546 α’πονηστιζόμενυς

468 2561 486 2593 b
506 2571 551 2600 m,
573 2560 724 2603 -ζομένη
749 2560 772 2593 h
799 2561 805 2600 Ι
831 2561 884 2596 516
907 2555 1183 2601 ἐπιφωσκούσης
1204 2563 1248 2597 >
1271 2559 1294 2591 h
1326 2560 1330 2599 Ι
1356 2561 1376 2591 6
1399 2561 1573 2600 κυριακῆς
1596 2568 1611 2589 s
1640 2561 1644 2597 Ι
1673 2561 1690 2591 7
1715 2558 1775 2589 καὶ
1799 2561 1841 2595 >
1866 2556 1886 2589 b
1910 2566 1931 2588 o
1958 2568 1961 2597 Ι

468 2612 560 2650 airu
583 2625 613 2655 a,
636 2625 721 2648 corr.
745 2618 781 2648 a*
801 2617 806 2655 ἦ
827 2616 882 2654 718
903 2615 946 2655 τῇ
964 2638 973 2646 .
991 2638 999 2646 .
1014 2639 1022 2647 .
1042 2617 1256 2656 γρηγορεῖτε
1279 2617 1324 2651 >
1348 2613 1368 2644 b
1392 2622 1413 2645 o
1433 2614 1438 2653 ξ
1458 2615 1479 2645 8
1501 2614 1552 2645 tn?
1578 2614 1655 2645 θεῶ
1679 2611 1698 2643 b
1723 2621 1744 2643 o
1764 2612 1770 2651 Ι
1793 2614 1832 2644 10
1855 2607 1963 2643 ἀλεκ-

469 2666 611 2710 τρυόνος
629 2669 650 2702 b
668 2678 691 2702 0
712 2670 718 2711 Ι
739 2672 779 2702 11
808 2663 912 2709 ὑμῶν
925 2671 969 2706 >
987 2667 1007 2700 b
1023 2676 1044 2700 ο
1065 2670 1070 2707 ι
1089 2666 1376 2709 κατηχούμενους
1396 2670 1433 2706 -1-
1452 2662 1536 2706 ὗμῖν
1551 2665 1570 2697 b
1590 2675 1611 2698 ο
1631 2667 1636 2704 Ι
1659 2669 1698 2698 12
1722 2664 1760 2698 ἐν
1783 2675 1837 2697 sec
1853 2669 1895 2703 >
1913 2674 1931 2696 a
1959 2672 1961 2704 2

470 2727 505 2757 15
526 2724 604 2763 o‘>
622 2724 644 2756 b
663 2732 685 2756 ο
706 2724 711 2764 ί
734 2725 775 2756 17
802 2718 939 2764 ἐβόησε
961 2721 983 2754 d
1005 2731 1038 2754 m
1062 2732 1082 2765 p
1106 2732 1127 2753 v
1146 2722 1152 2761 Ι
1175 2724 1212 2755 19
1237 2716 1445 2763 ἐπεβόησαν
1467 2718 1497 2759 d,
1521 2715 1701 2761 α’νεβὸουν
1716 2719 1736 2751 b
1755 2729 1775 2751 o
1797 2722 1801 2757 ι
1821 2722 1864 2751 20
1887 2719 1966 2750 καί·

467 2788 553 2820 σαρα
576 2788 596 2811 a
620 2777 641 2810 b
665 2777 688 2810 h
704 2786 727 2810 o
744 2777 777 2809 A
794 2786 804 2809 ι
823 2777 862 2815 -Ι-
879 2776 942 2808 καὶ
965 2771 1071 2808 πάλιν
1093 2771 1302 2817 ἐπεβόησαν
1320 2773 1340 2806 d
1358 2784 1390 2805 m
1409 2784 1429 2816 p
1446 2784 1466 2804 v
1487 2774 1491 2809 Ι
1511 2776 1550 2806 21
1577 2770 1697 2806 αὐτῶν
1721 2773 1740 2804 b
1758 2774 1764 2812 1
1785 2774 1886 2811 21122
1905 2771 1966 2803 καὶ

466 2830 524 2866 ἐὰν
546 2851 579 2856 --
610 2833 797 2872 καίσαρος
817 2834 865 2869 >
887 2839 910 2862 ο
936 2830 942 2870 Ι
966 2832 1010 2862 22
1026 2825 1184 2871 Ἡρώδης
1206 2834 1281 2871 post
1303 2824 1475 2871 βασιλεὺς
1497 2826 1520 2859 h
1543 2837 1576 2858 m
1601 2837 1621 2869 p
1646 2837 1666 2859 v
1686 2828 1691 2867 Ι
1711 2829 1752 2859 23
1777 2825 1968 2859 ἐκέλευσεν

466 2885 913 2927 ιὴοεοοανδιιιρν
1819 2932 1837 2950 *

1778 2935 1817 2964 19
