2457 3436
469 349 562 390 VIII
1072 361 1355 390 Pnomoounm.

468 458 620 498 I—XX
649 458 839 498 versionis
868 457 1051 511 syriacae,
1081 457 1287 509 pertinent.
1345 457 1553 499 Lectiones
1582 459 1773 500 variantes
1804 459 1958 500 Gibson

469 529 507 563 et
536 522 606 563 sub
635 530 742 563 textu
773 521 886 576 (inde
914 536 936 562 a
956 523 1079 576 capite
1099 521 1157 562 XI
1176 522 1363 576 exeunte)
1394 529 1432 563 et
1461 523 1501 563 in
1530 522 1744 576 appendice
1774 524 1960 565 editionis

468 601 559 628 suae
588 587 906 628 communicavit.

577 652 717 694 Sextus
752 651 877 693 codex
905 658 963 692 est
993 651 1202 692 Vaticanus
1231 652 1370 693 latinus
1402 664 1521 705 5403,
1560 651 1626 694 fol.
1663 665 1788 705 1—72
1821 653 1961 694 Didas-

470 717 585 759 caliae
614 725 763 758 textum
784 717 976 771 syriacum
999 724 1037 758 et
1057 718 1158 758 inter
1178 716 1297 757 lineas
1317 718 1532 771 appositam
1553 718 1777 759 versionem
1799 718 1959 760 latinam

468 781 666 823 exhibens.
724 783 820 832 Quo
855 789 1034 835 tempore
1076 781 1169 823 haec
1210 783 1340 823 versio
1379 781 1556 823 confecta
1594 784 1655 833 sit,
1695 791 1790 825 nota
1828 783 1897 825 fol.
1939 798 1954 825 1

469 846 630 888 indicat:
669 847 909 897 „Sedulitate
939 854 1052 900 atque
1082 848 1185 888 iussu
1215 847 1542 888 Reverendissimi
1572 848 1736 889 Domini
1765 848 1959 890 Francisci

468 913 677 966 nuncupati
707 913 824 952 Penia
855 911 1055 953 Auditoris
1084 912 1209 954 Rotae
1240 913 1461 967 peritissimi
1491 927 1512 952 e
1540 914 1691 967 syriaco
1726 914 1765 954 in
1795 914 1957 954 latinum

468 991 693 1018 sermonem
723 977 901 1018 translata
931 984 988 1017 est
1023 977 1116 1018 haec
1146 976 1348 1018 didascalia
1377 978 1496 1018 Anno
1526 978 1761 1019 Dominicae
1791 978 1958 1032 Repara-

466 1043 585 1082 tionis
615 1042 823 1083 millesimo
852 1043 1176 1097 quinquagesimo
1206 1043 1466 1096 nonagesimo
1495 1046 1648 1083 sexto.“
1696 1043 1808 1084 Haud
1839 1043 1956 1085 dubie

469 1107 612 1148 eodem
647 1115 827 1161 ternpore
864 1108 978 1148 etiam
1014 1113 1142 1148 textus
1178 1109 1347 1161 syriacus
1381 1108 1544 1161 scriptus
1581 1115 1651 1157 est,
1691 1115 1728 1148 et
1763 1123 1784 1149 e
1821 1108 1958 1150 codice

468 1173 665 1225 Borgiano
696 1172 756 1213 vel
784 1172 915 1226 potius
946 1186 966 1212 e
996 1172 1132 1213 codice
1152 1172 1326 1213 Parisino
1348 1172 1555 1213 defluxisse
1585 1172 1747 1214 videtur.
1796 1173 1957 1227 Aliquot

468 1237 544 1278 loci
583 1237 769 1290 insignes,
807 1251 906 1291 quos
942 1237 969 1277 Ι.
1007 1236 1123 1277 Guidi
1164 1251 1227 1277 me
1263 1244 1426 1290 rogante
1463 1236 1742 1290 benignissime
1778 1238 1957 1291 inspexit,

469 1317 557 1343 cum
594 1302 669 1343 hoc
706 1302 842 1343 codice
882 1301 942 1343 vel
983 1301 1155 1342 editione
1192 1301 1427 1355 Lagardiana
1463 1302 1726 1343 consentiunt.
1785 1302 1957 1353 Librum,

467 1368 575 1408 cuius
614 1368 792 1408 notitiam
828 1368 945 1408 Petro
980 1366 1133 1407 Batiffol
1169 1366 1308 1416 debeo,
1348 1368 1560 1407 accuratius
1601 1366 1797 1421 hucusque
1834 1382 1957 1408 nemo

469 1432 678 1474 contulisse
712 1432 876 1473 videtur.
933 1432 1168 1485 Nuperrime
1198 1434 1245 1473 A.
1277 1432 1502 1472 Baumstark
1542 1431 1589 1472 de
1625 1432 1761 1473 codice
1797 1434 1958 1487 eiusque

468 1511 696 1551 possessore
726 1498 805 1550 egit
825 1497 862 1537 in
886 1496 1149 1550 ephemeride,
1180 1511 1277 1551 quae
1298 1497 1517 1537 inscribitur
1537 1496 1684 1537 Oriens
1714 1497 1958 1547 christianus,

467 1569 493 1603 t.
523 1562 576 1602 III
606 1561 769 1616 (1903),
800 1574 1025 1613 211-214,

577 1627 718 1668 Versio
752 1628 896 1668 latina
936 1627 1097 1667 traditur
1137 1626 1273 1667 codice
1309 1625 1559 1680 palimpsesto
1594 1626 1662 1667 LV
1693 1626 1959 1668 Bibliothecae

468 1693 683 1747 capitularis
706 1693 960 1741 Veronensis,
990 1693 1054 1746 qui
1085 1692 1240 1745 insuper
1263 1691 1477 1744 fragmenta
1498 1691 1658 1731 duarum
1680 1692 1957 1745 scripturarum

467 1756 648 1798 similium
687 1756 854 1806 exbibet,
895 1770 947 1797 sc.
985 1757 1194 1797 Canonum
1232 1756 1580 1797 ecclesiasticorum
1617 1770 1647 1796 s.
1684 1756 1957 1809 apostolorum

468 1821 523 1875 (c.
565 1823 626 1871 18,
664 1834 775 1874 5—c.
808 1822 879 1875 30)
922 1828 960 1862 et
999 1822 1303 1863 constitutionis
1342 1820 1524 1862 ecclesiae
1562 1822 1837 1875 Aegyptiacae,
1877 1836 1959 1875 quo

469 1887 631 1928 nomine
660 1887 775 1927 altera
796 1887 982 1941 scriptura
1003 1887 1121 1940 vulgo
1143 1886 1364 1940 appellatur.
1413 1887 1455 1927 E.
1477 1886 1649 1936 Hauler‚¹
1680 1887 1745 1940 qui
1775 1886 1957 1927 codicem

469 1948 635 1992 maxima
661 1966 748 1992 cum
772 1951 969 2005 diligentia
992 1953 1089 1993 eruit
1110 1953 1269 2006 eiusque
1287 1959 1437 1993 textum
1460 1951 1592 2001 edidit,
1613 1966 1702 1992 eum
1724 1951 1880 1992 saeculo
1902 1952 1960 1993 VI

468 2018 626 2058 ineunte
654 2017 838 2070 scriptum
871 2024 908 2058 et
928 2017 1151 2058 versionem
1172 2016 1327 2057 saeculo
1348 2017 1403 2057 IV
1425 2025 1591 2057 exeunte
1620 2016 1838 2057 confectam
1871 2031 1960 2058 esse

469 2088 612 2122 censet.
671 2080 773 2122 Cum
805 2080 1047 2122 Constitutio
1078 2080 1261 2121 ecclesiae
1290 2082 1565 2135 Aegyptiacae,
1596 2081 1703 2121 cuius
1732 2094 1819 2134 pars
1849 2082 1958 2135 prior

467 2146 661 2187 simillima
691 2154 749 2187 est
778 2145 1135 2187 Constitutionibus
1164 2146 1432 2199 apostolorum
1457 2145 1559 2196 VIII,
1578 2159 1654 2197 4—
1664 2158 1724 2198 31,
1754 2159 1836 2187 non
1867 2145 1958 2187 fons

469 2211 581 2252 huius
600 2210 681 2252 libri
704 2225 802 2261 esse,
823 2211 891 2251 sed
912 2211 1041 2264 potius
1061 2210 1106 2251 ab
1129 2225 1177 2251 eo
1198 2210 1418 2264 dependere
1440 2211 1535 2251 mihi
1557 2210 1742 2260 videatur,
1773 2210 1955 2265 equidem

468 2290 549 2317 non
580 2290 740 2331 possum
775 2290 856 2316 non
887 2275 1072 2326 dubitare,
1103 2290 1197 2316 num
1219 2277 1346 2316 versio
1377 2275 1423 2316 ad
1444 2275 1545 2316 illam
1565 2282 1729 2316 aetatem
1755 2274 1957 2316 referenda

467 2342 526 2381 sit.
575 2341 692 2383 Nunc
721 2349 849 2382 autem
881 2340 928 2382 de
958 2342 1187 2395 quaestione
1213 2355 1293 2381 non
1317 2349 1374 2381 est
1395 2339 1683 2394 disputandum,
1713 2342 1802 2394 quia
1831 2340 1956 2382 adhuc

468 2407 596 2461 plures
625 2414 752 2447 textus
782 2406 922 2447 edendi
952 2413 1054 2456 sunt,
1091 2414 1131 2447 ut
1166 2405 1213 2447 de
1250 2407 1400 2447 ratione
1435 2407 1534 2446 inter
1569 2405 1647 2446 illas
1676 2419 1719 2446 ac
1750 2405 1955 2446 nonnullas

466 2471 556 2512 alias
586 2473 791 2525 scripturas
821 2470 1087 2512 intercedente
1118 2471 1302 2512 iudicium
1333 2472 1473 2512 certius
1503 2469 1602 2511 ferre
1631 2471 1839 2524 possimus.

572 2536 757 2588 Lagarde,
789 2542 830 2577 ut
850 2537 925 2577 iam
947 2536 1037 2585 dixi,
1067 2537 1294 2589 scripturam
1316 2550 1455 2589 graece
1476 2536 1676 2576 restituere
1697 2542 1860 2576 conatus
1881 2542 1951 2576 est.

466 2601 581 2655 Opus
616 2609 760 2651 autem,
796 2601 902 2655 quod
932 2602 1087 2655 paravit,
1126 2600 1225 2641 haud
1262 2602 1390 2654 paucis
1427 2609 1465 2641 et
1499 2601 1624 2654 parvis
1661 2600 1759 2640 vitiis
1795 2599 1952 2641 laborat.

576 2714 584 2731 ¹
611 2708 814 2741 Didascaliae
838 2708 1062 2752 apostolorum
1088 2708 1269 2752 fragmenta
1289 2708 1492 2741 Veronensia
1509 2707 1607 2741 latina
1635 2717 1725 2751 1900.
1766 2708 1835 2740 Iam
1858 2714 1953 2741 antea

464 2764 506 2796 de
522 2763 636 2797 codice
652 2763 797 2807 pretioso
813 2763 985 2807 disputavit
1004 2764 1035 2795 in
1051 2769 1202 2795 tractatu:
1228 2762 1308 2795 Eine
1327 2763 1516 2795 lateinische
1542 2762 1955 2805 Palimpsestfibersetzung

465 2817 522 2850 der
551 2816 734 2850 Didascalia
762 2817 999 2859 apostolorum,
1034 2817 1087 2860 qui
1118 2823 1151 2849 et
1180 2817 1211 2849 in
1242 2816 1355 2849 litteris
1391 2817 1502 2849 classis
1532 2815 1955 2859 philosophico-historicae

467 2872 650 2905 Caesareae
667 2870 865 2903 Academiae
885 2870 1149 2903 Vindobonensis
1172 2870 1237 2903 vol.
1257 2870 1430 2903 CXXXIV
1455 2877 1486 2903 et
1512 2877 1677 2913 separatus
1701 2869 1782 2912 1896
1798 2870 1955 2913 apparuit.
