2457 3436
913 734 1421 793 PROLEGOMENA.

1141 916 1190 956 A.

849 1000 1071 1042 DIDACHE
1099 1002 1479 1044 APOSTOLORUM.

515 1098 844 1140 Constitutiones
884 1098 1153 1152 apostolorum
1199 1113 1220 1140 e
1263 1098 1433 1153 pluribus
1476 1101 1673 1154 scripturis
1716 1100 1909 1142 veteribus

409 1163 644 1217 compilatae
677 1172 780 1213 sunt,
812 1177 835 1203 e
865 1163 1002 1217 quibus
1031 1163 1130 1205 duae
1150 1164 1198 1205 ad
1219 1163 1592 1218 nos'pervenerunt‚
1623 1164 1798 1207 Didache
1817 1180 1910 1220 apo-

408 1228 619 1279 stolorum,
650 1228 743 1269 fons
774 1229 892 1282 partis
921 1229 1059 1282 prioris
1089 1229 1174 1270 libri
1195 1229 1280 1279 VII,
1312 1236 1349 1271 et
1378 1229 1596 1271 Didascalia
1624 1221 1909 1284 apostolbrum,

405 1294 440 1333 in
469 1308 546 1348 qua
580 1294 671 1334 libri
690 1293 823 1334 I——VI
844 1295 1029 1335 nituntur.
1077 1294 1144 1336 llla
1172 1294 1308 1336 codice
1337 1309 1357 1336 a
1386 1295 1521 1336 Leone
1551 1295 1722 1350 quodam
1752 1297 1908 1337 notario

403 1372 432 1399 a.
465 1361 573 1411 1056
608 1359 760 1412 scripto
790 1366 830 1400 et
859 1358 953 1399 olim
975 1359 1320 1413 Constantinopoli
1350 1361 1389 1400 in
1416 1360 1654 1402 Bibliotheca
1683 1361 1911 1402 monasterii

401 1424 677 1477 patriarchalis
696 1424 1062 1478 Hierosolymitani,
1093 1439 1196 1465 nunc
1218 1425 1506 1479 Hierosolymis
1530 1433 1727 1467 asservato
1746 1425 1909 1467 traditur

400 1497 435 1530 et
468 1503 588 1530 anno
627 1490 731 1542 1883
774 1497 942 1530 exeunte
977 1503 997 1530 a
1025 1489 1234 1531 Philotheo
1265 1491 1475 1544 Bryenni0,
1512 1490 1761 1544 metropolita
1791 1491 1909 1531 Nico-

396 1554 614 1604 mediensi,
649 1554 691 1594 in
722 1554 849 1594 lucem
880 1553 981 1595 edita
1010 1553 1079 1596 fuit
1108 1555 1147 1595 in
1176 1554 1292 1595 libro:
1328 1554 1474 1607 Διδαχὴ
1503 1559 1589 1595 τῶν
1619 1555 1778 1596 δώδεκα
1807 1554 1909 1596 α’πο-

390 1620 584 1660 στόλων.
638 1619 746 1659 Cum
769 1618 1052 1660 documentum
1075 1619 1266 1660 maximae
1287 1620 1523 1673 antiquitatis
1552 1620 1614 1669 sit,
1645 1633 1739 1660 mox
1769 1619 1909 1675 ubique

387 1685 471 1726 fere
504 1694 732 1733 terrarum,
764 1683 827 1724 ubi
857 1683 1004 1725 litterae
1035 1684 1262 1726 christianae
1293 1685 1439 1738 vigent,
1470 1685 1516 1725 ab
1536 1685 1617 1725 aliis
1638 1686 1777 1726 emissa
1795 1692 1909 1740 atque

384 1750 590 1791 illustrata
631 1748 720 1790 fuit.
778 1748 969 1803 Equidem
1011 1762 1096 1789 eam
1137 1750 1240 1803 typis
1274 1750 1454 1803 impressi
1489 1750 1527 1790 in
1566 1749 1682 1790 libro:
1722 1750 1911 1791 Doctrina

379 1816 621 1856 duodecim
657 1812 947 1867 apostolorum,
977 1813 1163 1855 Canones
1192 1814 1462 1868 apostolorum
1495 1813 1741 1855 ecclesiastici
1762 1829 1805 1855 ac
1826 1816 1909 1856 reli-

375 1896 486 1936 quae
523 1879 746 1921 doctrinae
777 1878 825 1919 de
856 1878 1003 1919 duabus
1033 1879 1104 1919 viis
1126 1880 1392 1933 expositiones
1419 1880 1532 1932 1887,
1563 1879 1706 1921 eodem
1736 1893 1841 1920 anno
1871 1881 1909 1920 in

373 1946 612 1987 volumine
654 1944 671 1984 1
706 1957 818 1984 meae
853 1943 1010 1985 Patrum
1045 1943 1349 1998 apostolicorum
1390 1944 1571 1985 editionis
1607 1945 1763 1995 inserui,
1805 1959 1909 1985 anno

378 2025 489 2064 1901
542 2013 587 2051 in
630 2009 808 2050 editione
837 2008 872 2049 11
901 2009 1056 2050 Patrum
1092 2009 1400 2064 apostolicorum
1437 2024 1520 2050 earn
1557 2017 1664 2050 textu
1700 2009 1909 2050 emendato

373 2080 538 2119 iterum
584 2075 736 2127 recepi.
796 2074 989 2127 Scriptura
1029 2088 1117 2115 cum
1157 2075 1273 2115 toties
1313 2074 1466 2127 vulgata
1504 2073 1617 2115 fuerit
1653 2081 1691 2115 et
1727 2074 1909 2115 omnibus

374 2151 558 2197 praesto
591 2141 662 2189 sit,
700 2140 738 2179 in
775 2139 852 2179 hoc
887 2151 1006 2193 opere
1043 2153 1124 2180 non
1160 2139 1312 2181 edenda
1348 2147 1417 2180 est.
1474 2140 1658 2181 Attamen
1695 2153 1785 2180 cum
1821 2138 1909 2180 fons

376 2211 430 2249 sit
463 2208 564 2248 libri
591 2205 672 2245 VII
692 2204 1049 2253 Constitutionum‚
1079 2203 1167 2245 huic
1197 2211 1324 2245 textus
1355 2204 1490 2245 saltem
1512 2203 1804 2256 subiungendus
1825 2219 1909 2245 esse

377 2273 568 2320 videtur,
612 2278 658 2310 ut
698 2270 823 2321 magis
858 2275 1050 2323 appareat,
1086 2268 1292 2323 quomodo
1322 2270 1571 2310 Constitutor
1607 2283 1690 2310 earn
1727 2268 1910 2310 transfor-

379 2338 580 2379 maverit.
649 2334 855 2375 Praeterea
891 2341 1200 2375 consentaneum
1238 2342 1310 2383 est,
1353 2342 1525 2375 veterum
1565 2334 1789 2375 testimonia
1825 2348 1910 2375 eam

378 2402 626 2457 spectantia
658 2399 860 2452 colligere,
890 2399 1074 2453 quoniam
1106 2412 1188 2439 non
1214 2398 1340 2439 solum
1363 2412 1449 2452 pars
1470 2399 1809 2439 Constitutionum
1840 2406 1910 2449 est,

380 2468 453 2509 sed
488 2467 600 2507 olim
642 2465 801 2517 saepius
837 2464 951 2504 etiam
990 2477 1078 2504 cum
1115 2464 1173 2504 his
1209 2462 1529 2504 confundebatur.
1586 2463 1701 2512 Quae
1736 2478 1824 2503 cum
1862 2464 1911 2504 ita

381 2535 478 2583 sint,
526 2532 660 2572 etiam
703 2530 740 2569 in
778 2528 1078 2582 prolegomenis
1106 2542 1226 2581 pauca
1255 2527 1303 2568 de
1339 2541 1382 2568 ea
1412 2528 1649 2577 monuerim,
1687 2535 1725 2568 et
1754 2527 1910 2581 quidem

384 2600 522 2653 primo
556 2597 661 2637 loco
695 2592 760 2634 vel
788 2594 1008 2647 priusquam
1043 2593 1090 2633 de
1121 2592 1337 2633 Didascalia
1370 2606 1460 2646 ago,
1496 2606 1586 2633 cum
1624 2592 1717 2632 haec
1753 2591 1911 2646 quidem

382 2665 423 2705 in
462 2656 858 2705 constitutionibus
892 2658 1072 2699 ordinem
1109 2658 1280 2711 priorem
1317 2657 1504 2706 obtineat,
1545 2656 1606 2697 illa
1645 2664 1774 2697 autem
1815 2656 1913 2696 hanc

383 2736 511 2770 aetate
546 2727 689 2778 longe
721 2730 890 2775 superet.

493 2793 767 2845 Scripturam
805 2788 1107 2842 antiquissimam
1148 2801 1232 2828 esse
1273 2787 1391 2828 hodie
1430 2801 1550 2827 nemo
1589 2794 1646 2827 est
1681 2787 1745 2838 qui
1784 2792 1913 2837 neget.

382 2858 524 2913 Neque
559 2867 679 2897 vero
714 2851 768 2892 de
797 2852 876 2892 eius
898 2860 1022 2893 aetate
1044 2860 1158 2907 atque
1180 2853 1333 2905 origine
1354 2865 1495 2892 omnes
1516 2851 1628 2904 plane
1650 2849 1914 2891 consentiunt.
