2457 3436
901 351 1123 381 mmscanm
1152 352 1432 382 Aposromnmr.
1874 342 1913 382 V

397 447 621 489 Hamack¹
656 462 814 503 quoque
850 455 986 502 postea
1022 446 1127 489 idem
1165 447 1213 489 de
1247 455 1428 502 tempore
1468 448 1679 503 scripturae
1715 448 1911 492 iudicavit.

399 512 543 554 Modo
589 527 647 570 ea,
689 527 786 568 quae
831 513 879 554 de
922 513 1221 554 mansuetudine
1265 527 1356 567 erga
1399 522 1625 567 peccatores
1668 516 1912 568 paenitentes

403 578 590 630 gerenda
610 579 649 618 in
670 592 712 618 ea
732 578 926 632 leguntur,
947 593 968 618 a
989 578 1209 632 posteriore
1230 578 1461 632 interpolata
1483 592 1568 620 esse
1588 580 1750 621 censuit.
1799 581 1912 621 Hanc

405 644 651 684 sententiam
690 657 785 685 vero
822 657 902 684 non
939 643 1130 697 probavit,
1168 651 1206 684 et
1241 644 1387 684 interea
1423 644 1538 684 etiam
1575 644 1765 699 interpres
1800 652 1913 686 vetus

407 709 558 749 latinus
588 716 723 749 contra
752 722 839 749 earn
869 699 1141 749 testimonium
1172 707 1376 762 perhibuit.
1427 708 1557 750 Altera
1588 723 1635 749 ex
1659 716 1767 763 parte
1796 724 1913 764 quae·

410 775 590 814 §tionem
621 781 831 814 retractans
868 776 970 826 ego²
998 774 1184 826 cognovi,
1223 781 1464 827 argumenta,
1501 773 1637 828 quibus
1674 773 1768 815 olim
1804 775 1913 815 nisus

409 852 519 888 sum,
559 840 688 878 minus
726 837 849 879 valida
886 846 922 878 et
957 839 1187 891 scripturam
1222 838 1269 879 ad
1305 838 1463 879 alteram
1499 838 1639 880 saeculi
1674 838 1726 879 ΙΙΙ
1760 846 1909 893 partem

412 904 550 957 potius
569 917 685 957 quam
707 903 756 943 ad
775 904 947 956 priorem
969 901 1213 944 referendam
1235 917 1332 944 esse.
1381 903 1490 945 Idem
1511 903 1693 945 Achelis³
1716 903 1911 945 iudicavit.

413 968 622 1009 Hamack⁴
652 969 875 1009 etiamnunc
905 967 1004 1009 duos
1032 976 1211 1009 auctores
1242 968 1522 1009 discernendos
1555 982 1639 1009 esse
1673 975 1791 1022 putat,
1821 968 1912 1009 alte-

414 1048 505 1074 rum
535 1033 678 1074 saeculi
706 1033 759 1074 111
788 1040 896 1087 parte
925 1033 1054 1086 priore
1082 1033 1219 1074 librum
1252 1040 1576 1086 componentem,
1612 1032 1774 1075 alterum
1805 1040 1914 1086 parte

415 1100 638 1151 posteriore
676 1112 766 1139 eum
805 1097 959 1152 paulum
997 1106 1212 1139 mutantem
1256 1106 1295 1139 et
1332 1098 1495 1139 fortasse
1534 1099 1649 1139 etiam
1687 1105 1912 1152 augentem.

414 1163 515 1204 Mihi
547 1171 776 1216 argumenta
807 1162 914 1203 allata
953 1176 1034 1203 non
1071 1162 1212 1204 idonea
1247 1177 1331 1203 esse
1367 1163 1558 1204 videntur.
1615 1163 1795 1203 Harnack
1831 1164 1913 1216 ipse

416 1230 454 1268 in
485 1229 714 1269 universum
746 1228 974 1281 scripturam
1005 1235 1108 1269 certe
1138 1242 1254 1268 unam
1287 1242 1371 1269 esse
1400 1229 1591 1280 agnoscit.

526 1293 632 1334 Cum
671 1294 857 1346 scriptura
899 1306 997 1347 opus
1037 1293 1306 1347 apostolorum
1350 1294 1528 1334 omnium
1572 1306 1785 1334 commune
1828 1307 1914 1333 esse

414 1358 647 1412 praetendat
682 1366 721 1399 et
749 1357 915 1411 apostoli
950 1359 1108 1411 insuper
1144 1357 1286 1407 dicant,
1325 1357 1614 1412 Hierosolymis
1650 1365 1915 1411 congregatos

412 1437 453 1464 se
484 1423 532 1464 ad
566 1422 809 1477 repeilendas
840 1422 1017 1463 haereses
1047 1431 1085 1464 et
1114 1422 1160 1463 ad
1182 1421 1316 1463 fideles
1338 1421 1633 1463 confirmandos
1653 1421 1912 1463 Didascaliam

412 1488 651 1537 confecisse,
681 1495 850 1542 apparet,
876 1502 959 1528 eam
983 1489 1019 1528 in
1045 1488 1105 1528 illa
1127 1488 1220 1529 urbe
1241 1489 1502 1542 conscriptam
1525 1502 1609 1528 esse
1630 1486 1740 1528 velle.
1789 1486 1913 1536 Quod

410 1554 547 1594 dicens
579 1561 719 1594 auctor
749 1552 904 1607 quidem
934 1551 1010 1593 fide
1040 1567 1122 1593 non
1152 1560 1209 1593 est
1239 1552 1392 1607 dignus.
1442 1554 1627 1593 Attamen
1648 1566 1730 1593 non
1752 1565 1915 1604 prorsus

409 1633 484 1659 nos
524 1617 678 1659 fefellit.
736 1617 833 1658 Eum
876 1618 914 1658 in
950 1617 1160 1658 Palaestina
1200 1617 1259 1658 vel
1296 1617 1405 1671 Syria
1443 1618 1597 1666 vixisse,
1642 1624 1679 1657 et
1716 1623 1834 1657 testes
1875 1624 1914 1656 et

406 1699 464 1733 ea,
502 1697 609 1739 quae
647 1683 696 1724 de
727 1682 922 1724 ludaismo
957 1690 996 1724 et
1025 1682 1295 1724 Gnosticismo
1332 1689 1592 1736 exponuntur,
1628 1681 1913 1722 demonstrant.

403 1749 598 1791 Achelis⁵
627 1749 858 1802 scripturam
889 1749 926 1788 in
958 1748 1182 1802 Coelesyria
1213 1755 1388 1789 exortam
1421 1761 1505 1787 esse
1536 1753 1681 1788 censet.

515 1814 634 1855 Inter
663 1821 844 1854 auctores
873 1813 1108 1854 recentiores
1137 1812 1375 1853 Didascaliae
1405 1813 1584 1853 notitiam
1622 1812 1785 1864 primam
1823 1825 1912 1864 pro-

398 1881 495 1922 dere
538 1879 704 1920 videtur
737 1878 1022 1919 Abrahamus
1056 1877 1399 1927 Ecchellensis‚
1436 1878 1475 1917 in
1511 1885 1618 1931 parte
1654 1878 1782 1930 priore
1816 1875 1916 1925 libri,

394 1946 464 2000 qui
486 1943 727 1985 inscribitur
747 1943 955 1997 Eutychius
976 1944 1187 1997 patriarcha
1208 1942 1492 1984 Alexandrinus
1512 1942 1729 1984 vindicatus
1750 1941 1917 1995 (1661),

393 2009 635 2052 nonnullos
666 2009 779 2050 locos
808 2023 854 2049 ex
883 2023 926 2050 ea
956 2009 1251 2049 communicans
1283 2006 1341 2061 (p.
1369 2020 1428 2059 15,
1462 2007 1705 2060 156—-161).
1756 2006 1912 2047 Librum

392 2074 556 2117 deinde
578 2074 610 2115 1.
636 2073 856 2114 Guilelmus
878 2073 1075 2114 Bickell⁶
1097 2074 1135 2113 in
1165 2081 1278 2114 tomo
1308 2073 1437 2126 primo
1459 2073 1654 2113 Historiae
1684 2072 1775 2111 iuris
1796 2072 1916 2111 eccle-

392 2142 554 2182 siastici
578 2138 740 2193 (1843)
767 2140 975 2179 accuratius
1006 2138 1208 2192 descripsit
1228 2144 1267 2178 et
1290 2137 1417 2190 plures
1438 2137 1548 2178 locos
1570 2136 1786 2189 publicavit,
1817 2148 1919 2187 quos

393 2208 431 2248 ei
471 2205 647 2246 Zenker
685 2204 725 2243 in
761 2203 929 2255 linguam
966 2203 1229 2256 germanicam
1267 2210 1444 2243 verterat.
1502 2201 1648 2242 Totam
1689 2201 1916 2254 scripturam

393 2273 587 2325 denique
629 2268 863 2321 Lagarde³
902 2283 935 2309 a.
984 2270 1083 2321 1854
1122 2268 1270 2322 syriace
1311 2267 1441 2309 edidit.
1500 2266 1607 2307 Idem
1651 2281 1737 2306 earn
1779 2278 1920 2318 graece

394 2338 629 2378 restituere
652 2341 817 2374 conatus
838 2341 895 2374 est
916 2341 953 2374 et
975 2332 1228 2374 Didascaliam
1253 2333 1466 2387 puriorem,
1492 2345 1571 2386 quo
1596 2332 1758 2372 nomine
1780 2330 1918 2370 librum

521 2494 532 2510 ¹
563 2487 637 2519 Die
670 2485 802 2526 Qucllen
830 2486 886 2517 der
913 2490 1121 2528 sogenannten
1148 2484 1374 2529 Apostolischen
1400 2483 1684 2525 Kirchcnordmmg
1713 2481 1828 2522 (Texta
1857 2481 1924 2512 und

399 2541 710 2583 Corte-rstrcbungen
734 2538 772 2578 ΙΙ,
798 2540 832 2581 5)
858 2539 938 2572 1886
963 2550 993 2582 p.
1018 2538 1067 2581 76.

523 2602 537 2619 ·-'
567 2596 686 2628 Ranae
708 2593 879 2625 &Histoire
900 2594 1125 2636 eccldsiastiquc
1148 2593 1175 2625 11
1198 2593 1326 2635 (1901),
1351 2591 1531 2634 798—809.

522 2658 535 2670 ’·
565 2647 713 2681 Acbelis
737 2653 767 2679 et
791 2647 986 2690 Flemming,
1010 2647 1073 2679 Die
1095 2646 1226 2690 syrische
1250 2646 1437 2678 Didascalia
1465 2652 1547 2684 1904
1571 2654 1600 2687 p.
1628 2642 1785 2685 366—77.

527 2712 535 2726 ⁰
570 2701 758 2735 Grschichte
779 2702 835 2734 der
857 2702 1097 2734 altcloeristlichm
1120 2700 1285 2733 Literatur
1307 2699 1348 2738 11,
1370 2699 1397 2732 11
1422 2699 1550 2742 (1904),
1573 2698 1755 2738 488—501.

524 2763 540 2781 ⁵
570 2757 613 2789 L.
641 2766 671 2788 c.
695 2766 724 2797 p·
751 2756 905 2797 354-66,

524 2816 542 2835 ⁸
576 2809 760 2843 Gerr-hichie
782 2810 832 2842 des
857 2810 1090 2842 Kirchenreches
1118 2810 1195 2851 1843
1223 2808 1246 2848 Ι,
1276 2808 1452 2850 148-159.

529 2870 542 2887 ⁷
572 2863 765 2896 Didascalia
788 2864 1013 2907 apostolorum
1037 2864 1162 2907 syriace
1190 2863 1282 2903 1854.
