2457 3436
780 372 1047 402 APosromRuu
1077 373 1141 407 vu,
1168 375 1221 410 ιι,
1244 374 1339 404 5---7.
1724 364 1802 401 447

452 476 645 517 mentem,
674 477 822 522 patrem
842 468 1001 519 Christi,
1028 476 1243 509 creatorem
1264 476 1377 523 atque
1396 467 1580 522 opificem
1601 469 1802 509 universo·

452 546 480 572 x
498 547 570 587 quo
586 534 712 574 omnia
719 547 737 583 ;
755 545 791 585 5.
812 541 850 574 et
869 535 909 574 in
932 534 1151 574 Dominum
1171 533 1299 574 Iesum
1322 533 1537 583 Christum,
1557 534 1802 587 unigenitum

452 597 567 648 lium,
579 599 870 652 primogenitum
888 600 1006 639 omnis
1025 606 1232 647 creaturae,
1257 599 1323 653 qui
1344 606 1433 639 ante
1456 597 1606 639 saecula
1626 598 1804 652 benepla-

452 663 529 703 itris
547 663 702 716 genitus
722 670 793 714 est,
814 677 896 705 non
917 671 1081 713 creatus,
1104 671 1173 718 per
1192 677 1298 718 quem
1318 664 1443 703 omnia
1465 662 1562 704 facta
1580 669 1685 713 sunt,
1705 677 1802 717 quae

453 728 488 768 is
505 735 546 769 et
564 729 603 768 in
622 734 725 769 terra
743 728 903 769 visibilia
924 735 962 770 et
982 727 1202 778 invisibilia;
1224 730 1261 769 6.
1280 728 1344 782 qui
1366 729 1406 768 in
1426 728 1651 769 novissimis
1668 727 1803 769 diebus

457 791 513 833 dit
542 791 591 834 de
619 792 734 834 caelis
763 801 802 834 et
829 807 986 834 carnem
1017 794 1236 846 assumpsit,
1266 806 1313 834 ex
1342 801 1473 834 sancta
1501 793 1652 846 virgine
1678 792 1799 833 Maria

452 864 513 899 est
530 865 742 912 sancteque
769 871 813 899 se
831 858 951 911 gessit
977 858 1017 898 in
1037 858 1114 899 vita
1143 857 1360 899 secundum
1390 857 1497 910 leges
1518 858 1593 898 Dei
1621 871 1665 899 ac
1685 857 1802 911 patris

482 921 686 963 crucifixus
715 930 773 964 est
801 922 871 964 sub
892 922 1036 963 Pontio
1056 922 1179 963 Pilato
1210 929 1248 963 et
1277 930 1456 964 mortuus
1486 930 1545 964 est
1573 936 1644 976 pro
1675 921 1801 971 nobis,

453 995 585 1042 tquam
620 1001 755 1041 passus
785 994 856 1037 est,
892 988 1002 1028 tertia
1031 986 1094 1028 die
1123 988 1329 1028 resurrexit
1364 1001 1385 1027 a
1414 988 1592 1037 mortuis,
1628 986 1802 1028 ascendit

453 1051 517 1093 los
545 1060 583 1094 et
611 1051 721 1094 sedet
749 1051 797 1093 ad
827 1051 1022 1093 dexteram
1055 1052 1184 1105 patris,
1220 1059 1258 1093 et
1286 1052 1425 1093 iterum
1455 1058 1642 1093 venturus
1673 1059 1730 1093 est
1759 1052 1798 1093 in

452 1118 655 1158 nmatione
682 1117 824 1158 saeculi
845 1131 933 1158 cum
963 1116 1087 1170 gloria
1106 1117 1158 1157 ad
1185 1116 1401 1157 iudicandos
1425 1118 1530 1157 vivos
1558 1129 1604 1157 ac
1625 1124 1800 1166 mortuos,

452 1182 551 1235 regm’
576 1195 649 1222 non
678 1183 748 1222 erit
766 1180 860 1235 finis
865 1196 884 1230 ;
925 1194 961 1233 7.
992 1181 1165 1235 baptizor
1193 1182 1309 1222 etiam
1339 1182 1378 1221 in
1408 1181 1586 1235 spiritum
1607 1189 1799 1232 sanctum,

466 1245 713 1300 paracletum,
748 1247 813 1301 qui
848 1253 1030 1299 operatus
1058 1253 1117 1287 est
1146 1246 1185 1287 in
1216 1245 1399 1287 omnibus
1428 1245 1474 1286 ab
1510 1246 1622 1287 initio
1662 1246 1800 1287 mundi

452 1326 469 1361 ι,
495 1319 632 1365 postea
652 1325 745 1351 vero
766 1311 907 1351 missus
935 1324 1092 1366 quoque
1115 1318 1172 1351 est
1192 1310 1378 1364 apostolis
1408 1325 1429 1351 a
1449 1318 1556 1364 patre
1582 1310 1799 1352 secundum

452 1376 615 1416 §sionem
644 1375 844 1417 salvatoris
874 1376 997 1416 nostri
1027 1376 1190 1416 Domini
1220 1376 1307 1417 Iesu
1332 1375 1489 1426 Christi,
1519 1384 1557 1417 et
1587 1383 1676 1430 post
1703 1390 1798 1431 apo-

457 1441 569 1481 etiam
591 1440 787 1490 omnibus,
816 1441 883 1495 qui
911 1441 951 1481 in
972 1449 1103 1482 sancta
1124 1440 1311 1481 catholica
1340 1448 1379 1481 et
1398 1440 1611 1494 apostolica
1636 1440 1797 1482 ecclesia

452 1533 488 1560 ›st
515 1523 668 1568 ἀόραταε
699 1524 808 1569 λόγον
842 1522 928 1561 ὄντα
958 1529 1020 1561 καὶ

474 1582 534 1614 καὶ
562 1577 714 1622 δύναμιν
746 1583 807 1615 καὶ
835 1580 931 1624 ζωὴν
958 1584 1020 1615 καὶ

452 1633 606 1677 ληθινόν.
647 1654 691 1660 —
731 1632 775 1670 οὐ
811 1636 1020 1679 κτισθέντα]

452 1699 525 1728 iam,
552 1700 633 1722 num
663 1690 744 1723 haec
767 1691 864 1724 verba
886 1689 1019 1724 Consti-

452 1743 626 1777 m'buenda
642 1750 763 1777 essent.
802 1743 887 1777 Cum
909 1751 1018 1778 autem

452 1797 522 1831 ibus
540 1798 679 1831 testibus
697 1805 822 1841 praeter
838 1809 939 1831 unum
956 1804 1020 1831 tra-

452 1858 475 1884 et
498 1852 538 1885 ab
562 1852 629 1885 hoc
653 1853 699 1885 ob
721 1852 1020 1886 homoeoteleuton

452 1907 641 1939 taetermitti
663 1907 839 1950 potuerint,
870 1907 902 1939 in
930 1912 1020 1939 textu

452 1960 490 1993 da
512 1970 587 1993 esse
612 1960 812 1993 videbantur.

452 2009 645 2049 ιτελθόντα
682 2013 721 2054 ἐξ
757 2011 923 2056 οὐρανῶν
958 2016 1020 2048 καὶ

452 2065 690 2111 ἰναλαβόντα]
721 2068 828 2102 Form.
853 2069 945 2101 Ant.:
977 2066 1020 2102 δι’

452 2119 775 2164 νανθρωπὴσαντα.
828 2122 861 2155 Si
895 2129 1019 2156 certum

452 2176 700 2210 :onstitutorem
730 2176 815 2209 hanc
843 2175 1019 2209 formulam

453 2241 509 2264 sse
530 2235 565 2263 et
588 2230 630 2263 de
648 2230 786 2264 consilio
802 2237 956 2270 mutasse,
980 2241 1020 2264 ex

452 2295 467 2318 2
491 2284 605 2328 colligi
622 2291 746 2328 posset,
770 2294 845 2317 eum
863 2285 1018 2318 Arianum

453 2338 648 2373 ninaristam
670 2337 782 2372 fuisse.
821 2339 887 2372 Res
910 2344 1020 2372 autem

452 2404 533 2426 »rsus
557 2393 668 2437 liquet.
714 2392 920 2426 Constitutor
948 2393 1020 2436 ipse

452 2458 478 2488 :3
501 2447 560 2486 vl,
582 2456 631 2490 19,
648 2457 669 2487 4
692 2457 811 2480 vocem
836 2443 1019 2488 ἐνανθρώ-

452 2506 585 2545 1surpat,
620 2511 704 2545 quae
738 2501 869 2545 insuper
901 2500 1021 2544 legitur

476 2565 511 2597 53
544 2565 599 2598 43,
626 2565 639 2589 1
666 2560 727 2588 etc.
759 2574 796 2578 —
829 2557 892 2588 καὶ
920 2558 1020 2588 πολι-

452 2621 527 2643 ενον
554 2605 667 2649 ὅσι’ως
694 2621 728 2643 κ.
756 2621 786 2643 τ.
815 2621 843 2643 ν.
873 2621 902 2643 τ.
927 2611 963 2643 θ.
987 2621 1019 2642 κ.

452 2667 465 2699 5
488 2689 497 2698 .
516 2689 525 2698 .
549 2662 609 2698 ἐπὶ
629 2664 669 2696 11.
690 2659 846 2697 Πιλάτου
869 2689 877 2696 .
896 2688 905 2696 .
930 2658 1018 2705 ὑπὲρ

452 2718 554 2752 Deest
584 2718 618 2750 in
647 2716 788 2750 formula
816 2718 904 2758 Ant,
937 2727 1019 2761 quae

452 2778 503 2807 ost
522 2769 761 2806 ἀποθανόντα
777 2771 865 2804 addit
881 2773 942 2804 καὶ
958 2782 1019 2805 τα-

452 2827 562 2860 Verba
579 2823 892 2868 πολιτευσάμενον
909 2820 1019 2864 ὁσίως

452 2908 458 2916 .
490 2880 543 2925 36,
573 2878 596 2913 6
630 2889 761 2913 necnon
792 2879 878 2919 VIII,
915 2889 944 2919 1,
980 2889 1019 2913 ιο

1086 1525 1358 1570 (ἐπολιτεύσατο
1374 1553 1382 1560 .
1399 1553 1407 1560 .
1431 1522 1518 1561 ἄνευ
1540 1523 1731 1569 ἁμαρτίας)
1754 1527 1800 1561 le-

1085 1588 1206 1625 guntur
1228 1587 1261 1614 et
1283 1581 1501 1614 Constitutori
1524 1581 1699 1614 adiudicari
1723 1591 1799 1624 pos-

1086 1642 1170 1675 sunt,
1193 1646 1268 1668 cum
1292 1635 1340 1668 bis
1364 1635 1463 1668 etiam
1485 1645 1503 1667 a
1519 1634 1718 1678 Ps.-Ignatio
1741 1636 1797 1668 ad·

1084 1689 1264 1729 hibeantur,
1281 1700 1326 1723 sc.
1338 1689 1449 1733 Magn.
1466 1699 1514 1728 11,
1529 1698 1565 1730 23
1581 1689 1710 1733 Smyrn.
1728 1700 1755 1728 1,
1769 1698 1799 1721 2.

1086 1744 1137 1777 De
1160 1744 1279 1777 Pontio
1303 1743 1408 1777 Pilato
1432 1743 1472 1776 cf.
1496 1754 1524 1776 c.
1549 1752 1600 1786 23,
1625 1752 1662 1783 2;
1695 1741 1744 1785 36,
1767 1742 1799 1776 6.

1088 1817 1127 1822 -
1156 1791 1198 1833 οὗ
1221 1801 1284 1840 τῆς
1305 1800 1493 1840 βασιλείας
1522 1798 1611 1840 mk]
1646 1796 1799 1830 Formula

1086 1851 1200 1896 Cyrilli
1212 1852 1501 1895 Hierosolymitani
1514 1851 1667 1894 (Catech.
1681 1850 1754 1890 XV,
1762 1852 1799 1893 2)

1086 1912 1118 1939 et
1142 1916 1191 1945 ea,
1214 1916 1311 1951 quam
1337 1906 1535 1949 Epiphanius
1551 1906 1671 1938 Ancor.
1690 1915 1718 1938 c.
1737 1905 1797 1938 118

1087 1961 1217 1993 exhibet
1230 1966 1262 1993 et
1276 1960 1420 2004 synodus
1433 1959 1799 2002 Constantinopolitana

1086 2024 1115 2047 a.
1147 2015 1203 2057 381
1236 2014 1368 2056 recepit,
1403 2014 1505 2057 prima
1539 2013 1690 2058 symbola
1724 2023 1798 2046 esse

1086 2068 1244 2106 videntur,
1282 2078 1363 2111 quae
1398 2068 1496 2100 verba
1530 2067 1583 2100 illa
1617 2067 1797 2101 continent.

1086 2121 1237 2156 Formula
1248 2122 1324 2154 Ant.
1337 2122 1533 2154 sententiam
1546 2121 1677 2166 quidem
1689 2120 1799 2160 habet,

1086 2177 1142 2209 sed
1159 2176 1209 2209 his
1225 2175 1332 2209 verbis
1354 2186 1558 2219 expressam:
1582 2168 1624 2209 οὗ
1650 2170 1669 2217 ἡ
1692 2178 1797 2218 βασι-

1086 2231 1164 2264 λεία
1188 2227 1419 2268 ἅκατάλυτος.

1130 2294 1160 2327 7.
1176 2282 1217 2317 τὸ
1233 2282 1434 2327 ἐνεργῆσαν
1449 2283 1537 2326 κτλ]
1557 2282 1708 2316 Formula
1721 2283 1797 2316 Ant.

1086 2348 1146 2381 pro
1174 2337 1235 2370 hac
1264 2339 1411 2370 sectione
1441 2337 1586 2370 exhibet:
1617 2331 1708 2379 ὅπερ
1737 2335 1797 2370 ἐπ-

1085 2389 1348 2435 αγγειλάμενος
1370 2397 1445 2430 τοῖς
1468 2388 1684 2429 ἀποστόλοις
1705 2388 1797 2431 μετὰ

1083 2444 1149 2488 τὴν
1173 2445 1224 2485 εἰς
1247 2443 1422 2488 οὐρανοὺς
1443 2443 1554 2480 αὐτοῦ
1577 2440 1708 2478 ἄνοδον
1730 2441 1797 2477 ‹1⁷71-

1086 2500 1223 2534 έστειλε
1263 2497 1401 2539 διδάξαι
1439 2497 1569 2538 αὐτοὺς
1611 2500 1674 2532 καὶ
1711 2494 1798 2532 ὑπο-

1085 2557 1217 2596 μνῆσαι
1241 2551 1369 2595 noina,
1401 2552 1445 2587 δι’
1468 2546 1510 2588 οὗ
1535 2554 1597 2586 καὶ
1620 2549 1798 2595 ἁγιασθή-

1086 2618 1209 2640 σονται
1233 2607 1270 2642 αἱ
1294 2611 1366 2641 τῶν
1390 2608 1591 2650 εἰλικρινῶς
1615 2607 1666 2645 εἰς
1689 2604 1799 2641 αὐτὸν

1085 2659 1379 2696 πεπιστευκότων
1391 2663 1510 2705 ψυχαί.
1537 2661 1691 2705 Spiritum
1705 2671 1798 2694 sanc-

1085 2722 1155 2748 tum
1167 2717 1231 2748 iam
1244 2716 1277 2748 in
1290 2722 1401 2749 vetere
1414 2722 1613 2749 testamento
1625 2722 1796 2759 operatum

1085 2781 1158 2803 esse
1181 2770 1332 2813 symbola
1349 2770 1462 2815 Cyrilli
1485 2775 1518 2803 et
1534 2770 1706 2814 Epiphanii
1729 2781 1759 2803 v.
1776 2769 1798 2802 6

1085 2824 1212 2857 laudata
1247 2825 1353 2857 verbis
1388 2822 1429 2858 τὸ
1462 2827 1620 2867 λαλῆσαν
1653 2823 1692 2858 ἐν
1721 2829 1797 2862 τοῖς

1084 2875 1284 2921 προφήταις
1307 2880 1413 2922 primo
1437 2889 1553 2923 urgere
1577 2878 1735 2911 videntur.

1825 1063 1867 1093 10

1824 1388 1866 1420 15
