2457 3436
851 363 928 402 188
1422 369 1770 400 εΑοιωικΝτΔιιιωι

847 470 916 509 καὶ
943 464 1272 520 ἀμετακίνητοι“,
1302 462 1489 516 ἀβλαβεῖς
1515 467 1583 507 καὶ
1611 464 1769 515 ἄσυλοι,
1799 464 2103 520 α’νεπηρέαστοι
2123 482 2147 507 κ

848 531 1078 583 βούλευτοι,
1107 529 1466 584 ἐμπολιτευόμενοι
1495 531 1568 581 »ἐν
1585 535 1636 583 τῇ
1654 533 1788 573 πίστει
1816 532 1885 572 καὶ
1911 530 2139 583 ἐπιγνώσει

850 600 965 646 θείας
979 598 1092 651 μέχρι
1111 598 1283 645 τέλους“
1303 594 1572 649 ἀναμένοντες
1592 595 1665 644 τὰς
1684 592 1901 648 οὐρανίους
1915 599 1987 649 τῆς
2001 601 2147 650 ,,ζωῆς

849 664 917 704 καὶ
946 663 1140 709 αἰωνίους
1159 661 1443 714 ἐπαγγελία<ς>
1475 667 1582 711 ,ποῦ’
1601 663 1745 713 κυρίου
1773 662 1842 702 καὶ
1869 666 2057 715 σωτῆρος
2083 658 2147 715 ἡμ

806 738 828 770 δ
852 731 1073 780 Χριστοῦ“,
1102 725 1157 768 δι’
1175 719 1225 767 οὖ
1254 728 1317 768 σοὶ
1345 724 1370 780 ἡ
1395 725 1495 777 δόξα
1523 728 1592 768 καὶ
1609 725 1660 768 τὸ
1681 725 1835 779 κράτος
1861 726 1905 766 ἐν
1925 722 2030 780 ἁγίῳ
2048 741 2147 768 πνεῖ

851 796 927 833 νῦν
956 794 1021 833 καὶ
1052 793 1109 840 εἰς
1135 791 1233 839 τοὺς
1262 791 1501 843 σύμπαντας
1528 792 1683 840 αἰῶνας
1710 795 1796 832 τῶν
1823 790 2005 841 αἰώνων,
2036 790 2147 846 α’μήν

1557 926 1608 961 κς
1625 943 1633 951 .

1158 990 1433 1042 Χειροθεσία
1460 987 1777 1036 καταστάσεως
1805 989 2040 1030 διακόνιον.

964 1086 996 1114 1.
1017 1072 1153 1125 Πάτερ
1177 1077 1252 1115 τοῦ
1269 1077 1531 1126 μονογενοῦς,
1553 1070 1577 1115 ὁ
1597 1072 1700 1123 ,,τόν
1718 1072 1838 1115 υίόν“
1858 1072 2147 1123 σου,,,α’ποστε

852 1137 1043 1188 διατάξας
1070 1137 1123 1179 τὰ
1151 1138 1218 1179 ἐπὶ
1246 1142 1318 1192 τῆς
1344 1142 1415 1193 γῆς
1442 1138 1662 1192 πράγματα
1689 1140 1757 1180 καὶ
1785 1137 1966 1186 κανόνας
1985 1142 2039 1191 τῇ
2058 1139 2147 1180 &xxi

788 1215 830 1246 10
852 1203 985 1254 τάξεις
1013 1203 1205 1251 δεδωκὼς
1232 1204 1289 1251 είς
1315 1198 1517 1255 ὠφέλειαν
1546 1204 1615 1245 καὶ
1642 1206 1850 1256 σωτηρίαν
1873 1207 1962 1245 τῶν
1978 1206 2147 1256 ποιμνίι

851 1267 1069 1320 λεξάμενος
1087 1267 1338 1316 ἐπισκόπους
1358 1269 1425 1309 καὶ
1445 1269 1742 1320 πρεσβυτέρους
1762 1270 1831 1309 καὶ
1849 1267 2072 1318 διακόνους
2092 1270 2147 1318 εἰς

849 1336 941 1386 γίαν
970 1336 1040 1388 τῆς
1068 1336 1294 1386 καθολικῆς
1323 1345 1399 1374 σου
1427 1333 1651 1387 ἐκκλησίας,
1683 1330 1707 1374 ὁ
1735 1333 1997 1385 ἐκλεξάμενος
2025 1333 2096 1375 διὰ
2124 1351 2147 1375 τ

849 1402 993 1452 γενοῦς
1021 1411 1097 1440 σου
1124 1398 1223 1447 τοὺς
1251 1396 1354 1440 ἑπτὰ
1382 1397 1600 1446 διακόνους
1629 1400 1696 1439 καὶ
1722 1397 1990 1451 χαρισάμενος
2019 1395 2147 1441 αὐτοὶ

851 1459 985 1516 ἅγιον·
1016 1475 1052 1505 2.
1082 1463 1339 1517 κατάστησον
1368 1464 1435 1505 καὶ
1464 1463 1583 1505 τόνδε
1613 1463 1810 1505 διάκονον
1837 1467 1908 1516 τῆς
1932 1468 2147 1518 καθολικῆ

787 1540 828 1571 15
851 1531 1019 1583 κλησίας
1046 1530 1114 1569 καὶ
1143 1528 1213 1577 δὸς
1240 1527 1285 1569 ἐν
1312 1524 1427 1580 αὐτῷ
1454 1532 1639 1580 ,,πνεῦμα
1665 1527 1857 1581 γνώσεως
1881 1530 1948 1569 καὶ
1969 1529 2147 1581 διακρίσι

851 1594 1010 1647 δυνηθῇ
1037 1593 1185 1646 μεταξὺ
1214 1598 1292 1634 τοῦ
1322 1596 1424 1634 λαοῦ
1450 1597 1526 1634 τοῦ
1545 1590 1662 1646 ἁγίου
1690 1596 1887 1645 καθαρῶς
1913 1595 1982 1634 καὶ
2011 1592 2147 1647 άμέμπ

850 1663 1021 1711 κονῆσαι
1050 1658 1094 1700 ἐν
1124 1664 1176 1710 τῇ
1204 1660 1434 1712 λειτουργίᾳ
1461 1656 1589 1710 ταύτῃ
1624 1657 1690 1700 διὰ
1723 1662 1800 1700 τοῦ
1833 1663 2086 1712 μονογενοῦς
2117 1671 2147 1700 σ.

852 1726 1046 1776 Χριστοῦ,
1075 1722 1129 1765 δι’
1156 1716 1206 1764 οὗ
1233 1726 1296 1764 σοὶ
1326 1721 1351 1778 ἡ
1380 1722 1480 1774 δόξα
1507 1724 1577 1765 καὶ
1601 1723 1651 1764 τὸ
1677 1723 1829 1776 κράτος
1856 1723 1901 1764 ἐν
1921 1721 2026 1777 ἁγίῳ
2044 1732 2147 1765 πνεῖ

852 1792 927 1829 νῦν
956 1790 1025 1829 καὶ
1052 1790 1107 1836 εἰς
1136 1788 1232 1836 τοὺς
1259 1787 1495 1840 σύμπαντας
1523 1790 1675 1836 αἰῶνας
1704 1792 1791 1829 τῶν
1818 1787 1997 1838 αἰώνων,
2028 1787 2147 1843 ἀμήν.

1559 1895 1629 1948 κζ’.

785 1982 829 2013 20
1106 1976 1381 2028 Χειροθεσία
1408 1974 1723 2023 καταστάσεως
1750 1977 2089 2028 πρεσβυτέριον.

963 2073 995 2102 1.
1030 2059 1109 2113 Τὴν
1124 2068 1236 2112 χεῖρα
1255 2060 1496 2112 ἐκτείνομεν,
1526 2060 1703 2100 δέσποτα
1721 2061 1820 2110 ,θεὲ
1838 2064 1926 2102 τῶν
1946 2058 2147 2111 ου’ρανῶν

850 2129 927 2166 τοῦ
952 2129 1199 2177 μονογενοῦς
1219 2137 1305 2174 σου,
1334 2124 1401 2166 ἐπὶ
1428 2124 1506 2166 τὸν
1534 2123 1769 2177 ἄνθρωπον
1787 2129 1939 2167 τοῦτον
1966 2127 2037 2166 καὶ
2056 2126 2147 2179 δεόμ

850 2189 926 2240 ,,τὸ
944 2194 1103 2242 πνεῦμα
1120 2194 1191 2243 τῆς
1210 2188 1429 2244 άληθείας“
1444 2188 1664 2244 ἑπιδημήσῃ
1683 2186 1799 2243 αὐτῷ
1807 2203 1816 2211 ·
1833 2189 2036 2244 φρόνησιν
2053 2187 2147 2243 αὐτι

957 2297 1021 2331 211
1039 2296 1158 2332 Thess.
1177 2307 1206 2338 2,
1226 2307 1280 2340 ¹33
1296 2298 1311 2330 I
1328 2298 1414 2332 Tim.
1432 2306 1461 2338 2,
1478 2306 1515 2338 4;
1534 2298 1631 2332 Hebr.
1653 2307 1679 2341 3,
1695 2296 1725 2332 6.
1744 2317 1783 2322 —·
1800 2302 1820 2332 3
1838 2298 1903 2332 Tit.
1924 2307 1950 2340 1,
1970 2307 2005 2339 2;
2026 2308 2053 2342 3,
2067 2309 2098 2341 7.
2117 2318 2147 2323 -

853 2361 880 2395 3,
902 2352 950 2385 18.
971 2371 1009 2375 —
1026 2355 1047 2386 8
1065 2351 1078 2385 1
1096 2351 1207 2385 Ioann.
1224 2361 1255 2393 4,
1276 2361 1323 2385 ιο.
1341 2371 1380 2376 --
1400 2356 1439 2386 12
1458 2353 1529 2385 Act.
1547 2351 1578 2392 6,
1599 2351 1692 2394 5-6.
1711 2371 1750 2376 ——
1771 2352 1887 2387 161es.
1910 2362 1958 2392 ιι,
1978 2361 2013 2393 2;
2033 2352 2046 2385 1
2063 2352 2145 2387 Cot.

849 2409 888 2440 21
915 2406 1000 2439 Neh.
1029 2416 1054 2447 ι,
1077 2414 1108 2446 4.
1134 2425 1173 2431 -
1198 2409 1241 2441 23
1263 2406 1376 2440 Ioann.
1405 2416 1452 2448 15,
1478 2406 1528 2440 26.

848 2515 984 2537 manum
1007 2503 1116 2537 infuso
1132 2510 1165 2537 et
1180 2515 1278 2537 manu
1295 2504 1449 2548 imposita
1465 2514 1561 2548 super
1626 2504 1805 2538 dictionem
1835 2506 1950 2548 (manu
1973 2505 2131 2548 imposita

850 2564 945 2602 caput
968 2558 1116 2602 singulos
1140 2564 1241 2603 ungat
1258 2564 1290 2592 et
1306 2569 1403 2602 super
1420 2558 1561 2592 frontem
1627 2558 1814 2602 designans,
1837 2565 1871 2592 ut
1894 2559 1950 2598 lv,
1973 2558 2030 2599 vl,
2054 2559 2147 2600 vm,

849 2612 968 2656 signet.
1003 2631 1043 2636 —
1078 2623 1144 2647 σου
1173 2625 1205 2656 χ.
1235 2616 1299 2647 τοῦ
1329 2613 1563 2656 μονογενοῦς]
1628 2613 1866 2647 ordinationem
1897 2613 1947 2646 vel
1976 2624 2091 2657 preces
2122 2624 2146 2647 o

848 2665 965 2699 Sermo
988 2666 1095 2707 durus,
1126 2677 1201 2699 cum
1225 2677 1409 2709 pronomen
1433 2668 1562 2711 proprie
1629 2673 1663 2700 ut
1686 2667 1738 2700 hic
1762 2673 1796 2701 et
1818 2668 1852 2700 in
1875 2667 2038 2711 particulis
2063 2667 2147 2701 duab

849 2720 889 2753 ad
913 2720 1021 2753 Deum
1045 2726 1170 2764 patrem
1195 2719 1400 2754 referendum
1425 2721 1475 2754 sit.
1509 2720 1560 2754 Si·
1626 2721 1723 2756 tibus.
1763 2721 2024 2755 Constitutiones
2049 2729 2147 2765 apost

848 2773 969 2807 militer
990 2774 1023 2806 in
1046 2774 1198 2808 membro
1221 2780 1387 2818 sequente.
1628 2784 1657 2809 2.
1677 2785 1690 2818 3
1717 2786 1791 2809 eam
1812 2786 1909 2809 sensu
1932 2776 2094 2809 strictiore
2119 2788 2147 2809 a«

891 2827 1013 2861 XXVI.
1048 2828 1140 2861 Voce
1168 2830 1382 2871 χειροθεοία
1406 2829 1561 2874 scriptura
1627 2830 1758 2863 nonnisi
1792 2830 2066 2871 benedictionem,
2102 2841 2147 2864 on

848 2887 960 2914 nostra
984 2892 1082 2915 sensu
1105 2881 1220 2915 latiore
1237 2883 1343 2923 utitur,
1367 2893 1442 2916 cum
1461 2883 1561 2916 bene-
1585 2904 1589 2907 -
1628 2893 1707 2916 vero
1752 2893 1836 2917 voce
1877 2885 2082 2927 χειροτονία
2132 2896 2147 2918 ει
