2457 3436
689 339 767 378 134
1222 343 1444 373 DmASCAmA
1475 343 1651 372 amnica.

688 443 976 492 vivificantem
1009 442 1187 496 spiritum
1221 440 1323 481 vitae
1352 450 1390 480 et
1419 440 1646 490 sanctitatis,
1675 441 1747 495 qui
1778 454 1892 496 aqua
1923 440 2100 496 baptismi
2121 457 2147 484 n«

689 507 919 564 purificavit,
949 507 1016 562 qui
1046 506 1162 548 corda
1181 505 1364 547 laetificat
1384 519 1537 556 eorum,
1568 506 1635 561 qui
1656 520 1751 547 eum
1774 506 1947 558 timent,
1978 509 2147 549 omniten

689 588 786 629 pore
806 588 896 615 cum
918 574 974 613 eis
994 586 1170 622 versans3
1190 572 1257 627 qui
1277 585 1349 612 nos
1369 569 1419 612 ab
1438 570 1622 613 omnibus
1640 570 1817 613 aditibus
1837 584 2012 614 satanae
2025 574 2147 614 remor]

690 641 758 695 qui
773 640 922 680 animas
938 650 1089 679 nostras
1105 638 1322 685 renovavit,
1337 651 1428 678 cum
1445 650 1584 678 omnes
1599 637 1638 677 in
1656 650 1705 677 eo
1722 635 2006 680 confidamus.
2046 651 2100 691 13.
2112 639 2147 692 lp

646 717 668 750 5
691 716 749 747 est
771 705 876 745 Deus
904 715 992 744 ante
1022 703 1156 744 omnia
1176 714 1370 756 tempora,
1399 716 1488 743 cum
1516 702 1630 744 fuerit
1650 702 1755 756 apud
1779 703 1922 744 Deum
1946 715 2099 758 patrem
2115 717 2147 758 pt

692 781 868 824 petuum,
898 780 1114 810 aeternum.
1167 781 1227 821 14.
1260 768 1334 808 Hic
1364 782 1454 808 cum
1476 766 1636 819 videret,
1668 768 1870 809 mundum
1904 769 2147 811 interiissevi

692 834 788 876 culis
809 835 956 888 peccati
977 845 1015 874 et
1036 834 1256 887 ignorantia
1276 844 1315 874 et
1330 833 1515 874 caecitate
1531 846 1704 874 errorem
1721 834 2036 887 cogitationum
2055 834 2147 876 illaru

694 898 939 940 infernalium
956 898 1162 948 efficiente,
1185 913 1354 953 cumque
1374 899 1509 952 generi
1531 898 1706 939 humano
1726 898 1887 940 mederi
1913 899 2050 950 vellet,
2066 913 2147 954 corp

694 963 884 1016 virginale
904 963 977 1005 sibi
998 965 1201 1018 proposuit
1222 975 1259 1005 et
1279 977 1324 1005 ea
1345 977 1385 1005 re
1400 978 1473 1005 nos
1489 963 1561 1005 sibi
1577 964 1798 1015 coniunxit,
1820 976 1861 1005 et
1884 979 2032 1007 sensus
2052 977 2147 1007 nostr

631 1040 673 1071 ιο
695 1042 834 1070 omnes
861 1030 1026 1078 sanavit,
1061 1040 1099 1070 et
1134 1043 1273 1070 omnes
1306 1028 1514 1070 adversarii
1549 1029 1712 1070 virtutes
1746 1028 1958 1083 dispersit,
1996 1043 2036 1073 et
2064 1045 2147 1084 corp

695 1094 988 1148 incorruptibile
1017 1094 1192 1142 induens,
1222 1095 1288 1149 qui
1318 1093 1620 1148 incorruptibilis
1640 1105 1710 1142 est,
1739 1108 1890 1148 corpus
1919 1096 2093 1137 mortale
2118 1110 2147 1136 re

695 1158 789 1200 didit
826 1158 1130 1213 incorruptibile.
1193 1172 1253 1211 15.
1290 1158 1461 1215 ideoque
1496 1160 1536 1200 in
1571 1173 1736 1213 corpore
1770 1160 1887 1201 Adae
1926 1162 2121 1216 apparuit,

695 1225 910 1278 imaginem
942 1223 1275 1278 incorruptibilem
1297 1223 1573 1273 manifestaret,
1602 1236 1641 1265 et
1662 1225 1701 1265 in
1722 1225 1794 1265 hac
1817 1225 2004 1279 imagine
2025 1238 2147 1268 mortu

695 1302 752 1331 est
787 1301 826 1331 et
854 1304 936 1340 eOS,
973 1291 1036 1344 qui
1068 1301 1176 1331 erant
1210 1291 1247 1331 in
1285 1291 1453 1340 interitu,
1489 1289 1696 1344 evangelio
1734 1289 1855 1331 solvit
1892 1292 2037 1347 eisque
2070 1306 2147 1334 sant

632 1362 673 1394 ιδ
697 1354 879 1397 mandata
909 1355 1028 1406 dedit,
1058 1370 1156 1411 quae
1187 1354 1348 1396 verbum
1378 1355 1488 1408 regni
1511 1356 1548 1396 in
1570 1354 1646 1396 hoc
1665 1354 1878 1410 evangelio
1899 1369 2011 1398 sunt.
2066 1359 2123 1399 16.

696 1421 850 1462 vincula
879 1420 1021 1462 diaboli
1051 1420 1098 1462 ab
1128 1420 1353 1462 hominibus
1381 1419 1506 1462 soluta
1534 1432 1636 1471 sunt,
1666 1431 1708 1461 ut
1736 1434 1806 1474 per
1832 1434 2014 1464 mortem
2036 1423 2147 1464 Domi

697 1487 819 1527 nostri
840 1486 949 1540 digni
969 1486 1091 1527 simus
1112 1486 1190 1527 vita
1212 1497 1367 1527 aeterna
1388 1499 1460 1539 pro
1485 1498 1612 1527 morte
1631 1497 1670 1527 et
1685 1487 1970 1528 resuscitemur
1990 1488 2031 1529 in
2049 1502 2147 1529 mun«

698 1565 805 1593 vero.
859 1565 919 1604 17.
952 1551 1033 1601 Qui
1055 1551 1232 1592 Christus
1252 1562 1323 1601 est,
1346 1549 1447 1591 filius
1466 1550 1555 1601 Dei,
1584 1551 1709 1591 homo
1729 1550 1852 1592 factus
1873 1563 1933 1593 est
1956 1564 1998 1594 et
2017 1565 2147 1594 natura

698 1628 872 1658 nostram
918 1616 1125 1658 mortalem
1164 1615 1392 1670 adsumpsit,
1434 1630 1533 1672 quae
1568 1615 1678 1657 Adae
1720 1628 1759 1657 et
1798 1618 1960 1670 generis
2000 1619 2084 1659 eius
2123 1632 2147 1660 e

630 1689 673 1721 20
702 1683 762 1724 18.
792 1682 878 1736 Ipse
907 1683 1056 1736 primus
1085 1693 1154 1732 est,
1184 1682 1251 1736 qui
1282 1682 1388 1722 venit
1416 1681 1463 1723 ad
1495 1682 1710 1723 humanum
1739 1696 1878 1735 geum,
1907 1694 1949 1724 et
1981 1683 2064 1738 ipse
2088 1682 2147 1725 De

635 1798 638 1802 .
697 1759 767 1798 est,
804 1762 921 1803 quern
959 1747 1174 1801 prophetae
1204 1759 1569 1801 praecognoverunt
1598 1759 1636 1788 et
1664 1747 1834 1800 apostoli
1864 1749 2147 1802 praedicaveru

697 1826 736 1854 et
765 1827 905 1854 omnes
935 1813 1116 1854 homines
1144 1812 1402 1863 confitentur3
1432 1814 1498 1868 qui
1527 1827 1548 1854 a
1571 1813 1656 1854 Deo
1685 1811 1810 1867 gloria
1831 1826 2051 1855 coronatur
2080 1827 2119 1856 et
2144 1832 2147 1854 2

697 1878 846 1933 angelis
876 1877 1064 1919 laudatur.
1126 1891 1187 1931 19.
1226 1878 1273 1919 Et
1302 1890 1432 1919 nostra
1462 1893 1576 1920 causa
1605 1876 1811 1919 crucifixus
1845 1891 1918 1927 est,
1955 1880 2070 1920 cuius
2099 1893 2147 1921 cri

698 1946 776 1986 vita
797 1957 856 1986 cst
875 1956 913 1985 et
933 1942 1167 1985 confidentia
1189 1955 1319 1985 nostra
1345 1958 1389 1985 ac
1409 1943 1578 1986 salvator
1596 1955 1741 1993 noster,
1772 1945 2008 1998 mysterium
2031 1945 2147 1987 absco

630 2034 673 2067 25
697 2010 835 2060 ditum,
867 2009 1007 2051 laetitia
1038 2009 1314 2060 inenarrabilis,
1345 2010 1455 2051 omni
1482 2021 1662 2063 tempore
1687 2009 1726 2050 in
1746 2023 1908 2050 summo
1927 2009 2056 2064 gradu
2087 2025 2147 2065 pra

696 2076 859 2116 stantiae
893 2087 1010 2125 stans,
1046 2089 1144 2129 quae
1180 2086 1343 2124 amatur,
1381 2089 1480 2130 quae
1513 2089 1535 2116 a
1563 2074 1652 2116 Deo
1686 2075 1854 2128 separari
1892 2076 2045 2130 nequit,
2083 2076 2144 2117 cui

696 2140 866 2195 dignitas
894 2140 954 2180 his
989 2139 1099 2180 labiis
1133 2139 1297 2182 describi
1335 2154 1414 2181 non
1450 2151 1590 2195 potest,
1630 2140 1862 2194 mysterium
1900 2139 2147 2183 absconditur

697 2205 803 2262 quod
823 2203 956 2247 fideles
976 2217 1133 2256 norunt,
1162 2205 1269 2261 quod
1289 2216 1446 2256 norunt,
1476 2219 1714 2260 quamquam
1741 2203 1934 2247 invisibile
1962 2218 2034 2247 est.
2082 2206 2147 2247 Ha

696 2283 754 2313 est
784 2286 890 2322 crux,
919 2272 959 2312 in
979 2285 1055 2326 qua
1075 2270 1303 2325 gloriamur,
1333 2283 1376 2312 ut
1402 2272 1433 2311 is
1457 2269 1645 2321 laudetur,
1676 2270 1714 2311 in
1735 2284 1854 2325 quem
1875 2270 2089 2322 credimus,
2117 2286 2147 2313 n«

629 2357 673 2389 80
695 2335 829 2379 fideles
859 2335 1032 2391 perfecti.
1091 2348 1154 2377 20.
1190 2336 1237 2377 Et
1265 2350 1490 2390 separamus
1517 2349 1592 2377 nos
1620 2350 1641 2377 a
1670 2334 1844 2377 sensibus
1873 2337 2021 2378 nostris
2050 2348 2147 2378 exter

696 2401 841 2453 oribus,
879 2403 929 2444 ita
960 2413 1001 2443 ut
1030 2416 1070 2443 re
1101 2415 1190 2443 vera
1221 2416 1301 2443 non
1329 2415 1413 2443 esse
1443 2400 1657 2451 videantur,
1694 2413 1733 2442 et
1762 2414 1807 2442 ea
1834 2415 1876 2443 re
1905 2399 2012 2443 firmi
2041 2416 2147 2444 sumt

696 2479 761 2508 21.
792 2467 933 2508 Procul
960 2479 1085 2508 estote
1114 2465 1161 2508 ab
1191 2466 1374 2507 omnibus
1404 2466 1516 2507 rebus
1544 2464 1672 2516 fluxis,
1701 2477 1740 2507 et
1768 2465 1875 2507 surdi
1904 2474 2035 2508 estote
2064 2468 2103 2508 in
2132 2467 2147 2508 k

694 2531 850 2573 auribus
869 2532 1139 2582 exterioribus,
1161 2543 1202 2573 ut
1221 2531 1455 2586 intellegatis
1474 2530 1759 2585 beneplacitum
1781 2531 1857 2573 Dei
1878 2543 1917 2573 et
1937 2544 2147 2587 cognoscat

805 2653 826 2683 2
848 2649 901 2683 Ps.
930 2651 977 2689 18,
1000 2659 1031 2694 9.
1058 2669 1093 2674 -·
1119 2652 1140 2685 6
1163 2649 1277 2683 Ioann.
1304 2660 1330 2691 r,
1355 2659 1384 2684 2.
1408 2668 1450 2675 —
1473 2653 1493 2684 9
1517 2649 1579 2683 les.
1605 2658 1655 2692 53,
1676 2657 1707 2689 4.

740 2755 876 2789 13-32,
911 2747 999 2780 Haec
1023 2747 1178 2792 particula
1200 2747 1234 2781 in
1254 2747 1409 2793 symbolo
1523 2755 1658 2792 19-22.
1686 2745 1739 2781 ef.
1767 2747 1843 2781 Act.
1871 2746 1961 2782 Petri
1990 2759 2020 2781 c.
2049 2748 2080 2788 8,
2107 2748 2147 2781 A«

693 2799 813 2834 nititur.
859 2801 1093 2834 Animadverte
1128 2811 1240 2835 versus
1275 2811 1324 2844 13,
1358 2810 1406 2842 14,
1474 2807 1580 2845 apost.
1607 2810 1719 2844 apocr.
1747 2800 1823 2835 edd.
1845 2800 1977 2846 Lipsius
2005 2807 2041 2836 et
2063 2802 2147 2835 Bonr

696 2861 745 2894 17,
772 2863 820 2897 19,
845 2863 897 2897 23,
923 2863 972 2896 31,
999 2864 1048 2897 32.
1473 2855 1496 2897 1,
1519 2865 1573 2899 90,
1596 2863 1734 2900 20-92,
1762 2863 1810 2897 ις.
