2457 3436
915 365 1086 396 CANONES
1115 366 1388 396 Apos'romnun.
1845 359 1868 394 4
1875 357 1897 393 7

1105 494 1194 528 xw.

727 570 1028 604 BURCHARDUS
1051 569 1395 604 woRMATffiNffls
1418 570 1453 613 [ψ
1478 570 1583 612 10251.

508 646 555 687 In
585 645 835 688 decretorum
864 645 981 697 libris,
1017 646 1154 699 Migne
1182 646 1246 686 PL
1279 658 1367 699 140,
1396 645 1524 687 laudat
1553 645 1775 687 Canones
1805 658 1898 698 apo-

400 711 595 752 stolorum
627 723 650 752 2
682 709 751 766 (3)
785 710 832 762 V,
862 712 900 761 8,
933 723 951 764 3
985 711 1034 759 V,
1056 712 1093 761 6,
1125 722 1144 763 5
1177 710 1207 761 I,
1228 711 1292 763 78,
1323 723 1345 762 9
1375 710 1423 760 11,
1444 711 1617 763 67-68,
1652 722 1698 751 12
1728 709 1774 760 11,
1810 712 1900 762 136,

406 789 455 829 14
481 775 513 826 1,
544 787 609 829 75³
640 787 688 828 25
719 775 768 826 H,
804 776 890 828 189,
923 787 972 829 30
1000 775 1066 826 nl»
1091 787 1180 828 109,
1212 776 1261 828 38
1290 775 1320 825 Ι,
1350 787 1442 823 2Ῑο’
1473 786 1631 828 42—43
1663 775 1755 825 XV»
1779 787 1838 826 ς’·
1860 776 1900 824 6,

401 855 456 894 44
473 840 522 891 11,
546 853 634 893 119.
681 840 884 882 Praeterea
902 854 1000 895 quae
1026 840 1181 894 Regino
1200 840 1440 881 Prumiensis
1460 840 1521 881 De
1541 839 1677 881 eccles.
1698 839 1898 893 disciplina

402 905 432 956 I,
461 906 624 957 88—89
654 904 765 947 fonte
793 918 874 946 non
905 904 1076 946 indicato
1105 904 1269 959 scripsit,
1303 904 1351 954 11,
1386 905 1594 957 117-—118
1624 912 1808 959 tanquam
1839 918 1899 945 ca-

405 984 533 1012 nones
562 969 834 1025 apostolorum
864 969 1002 1011 reddit.

1105 1108 1205 1142 xvn.

803 1184 1012 1219 smouus
1035 1183 1360 1218 LEMowcfiNst
1383 1185 1509 1228 [1031].

510 1261 644 1303 Sessio
672 1261 720 1311 11,
755 1262 854 1303 Acta
887 1259 1026 1303 concil.
1062 1259 1122 1302 ed.
1154 1260 1375 1302 Harduinus
1411 1261 1478 1310 VI,
1508 1261 1624 1302 888-
1647 1261 1744 1312 889:
1780 1259 1898 1301 Tunc

407 1326 489 1368 lecti
521 1334 615 1368 sunt
642 1325 860 1367 Canones
887 1324 1172 1380 apostolorum,
1206 1324 1270 1366 ubi
1304 1325 1345 1366 in
1380 1325 1548 1379 capitulo
1577 1324 1733 1366 XXVII
1762 1325 1813 1366 ita
1843 1324 1900 1365 di-

406 1392 519 1433 citur:
554 1391 639 1441 Qui
667 1390 796 1432 clerici
824 1390 992 1432 debeant
1026 1389 1258 1444 coniugibus
1287 1389 1471 1444 copulari.
1528 1389 1718 1443 Innuptis,
1755 1390 1821 1445 qui
1849 1388 1897 1430 ad

406 1456 552 1498 clerum
588 1456 765 1510 provecti
799 1462 890 1497 sunt
922 1462 1010 1505 etc„
1045 1469 1099 1496 sc.
1130 1469 1212 1496 can.
1242 1469 1303 1509 ap.
1335 1457 1398 1496 26.
1430 1487 1439 1496 .
1471 1488 1480 1496 .
1512 1487 1520 1496 .
1556 1454 1673 1495 Tunc
1709 1454 1899 1496 Canones

405 1519 676 1576 apostolorum
705 1519 845 1574 prolati
873 1527 977 1571 sunt,
1006 1519 1070 1561 ubi
1099 1519 1267 1574 capitulo
1287 1520 1406 1561 XXX
1435 1519 1593 1574 legitur:
1624 1519 1665 1560 Si
1695 1520 1778 1574 quis
1809 1527 1898 1569 etc„

403 1600 454 1627 sc.
476 1600 563 1627 can.
583 1596 649 1637 29.
697 1585 795 1627 Item
826 1584 993 1640 capitulo
1015 1585 1171 1626 XXXI:
1201 1585 1240 1626 Si
1270 1585 1355 1640 quis
1385 1592 1473 1635 etc„
1502 1598 1556 1626 sc.
1578 1598 1662 1626 can.
1687 1596 1748 1637 30.
1796 1584 1896 1626 Item

404 1650 574 1706 capitulo
603 1650 735 1698 XVII:
771 1650 812 1691 Si
845 1650 931 1705 quis
960 1657 1048 1700 etc„
1083 1664 1136 1691 sc.
1175 1664 1259 1690 can.
1294 1663 1354 1703 17.
1411 1649 1509 1690 Item
1547 1649 1716 1704 capitulo
1745 1649 1897 1690 XVIII:

402 1716 442 1757 Si
471 1716 560 1770 quis
589 1721 677 1765 etc„
704 1729 759 1757 sc.
790 1729 873 1757 can.
908 1715 968 1757 18.
1016 1715 1115 1756 Item
1145 1714 1312 1768 capitulo
1341 1714 1456 1756 XXI:
1487 1714 1696 1756 Eunuchus
1725 1721 1813 1764 etc„
1842 1728 1897 1755 sc.

401 1795 488 1823 can.
510 1792 576 1821 21.
619 1779 719 1821 Item
737 1778 906 1833 capitulo
926 1779 1059 1821 XXII:
1089 1779 1130 1820 Si
1150 1780 1235 1834 quis
1254 1778 1415 1821 abscidit
1435 1787 1522 1826 etc..
1542 1793 1594 1820 sc.
1617 1793 1699 1820 can.
1724 1791 1773 1820 22
1788 1790 1898 1831 —24.

1092 1929 1211 1963 XVIII.

745 2004 1019 2039 HUMBERTUS
1043 2005 1313 2038 CARDINALIS
1338 2005 1370 2048 [†
1392 2015 1420 2038 c.
1449 2004 1556 2047 1060].

514 2095 548 2122 1.
577 2081 802 2135 Responsio
831 2080 870 2121 in
900 2079 1069 2121 libellum
1095 2080 1256 2122 Nicetae
1286 2095 1319 2121 c.
1346 2082 1406 2130 16,
1435 2079 1571 2132 Migne
1597 2080 1659 2121 PL
1691 2093 1777 2133 143,
1799 2093 1900 2132 99o;

400 2146 472 2188 PG
507 2157 597 2197 120,
632 2146 752 2187 1028:
788 2144 1094 2199 Reprehendens
1123 2145 1228 2186 enim
1260 2159 1346 2196 nos,
1377 2159 1444 2186 cur
1472 2145 1690 2186 ieiunemus
1719 2145 1898 2195 sabbatis,

402 2210 519 2253 dicis:
556 2210 707 2260 Quarta
742 2218 781 2251 et
808 2216 915 2251 sexta
944 2210 1036 2251 feria
1065 2211 1204 2263 iugiter
1232 2209 1497 2260 ieiunandum,
1533 2224 1608 2251 una
1637 2218 1796 2264 propter
1825 2219 1899 2251 tra·

403 2275 612 2325 difionem,
647 2274 764 2316 altera
793 2282 953 2329 propter
982 2274 1205 2329 passionem
1236 2275 1413 2324 Domini,
1451 2274 1609 2316 sabbato
1638 2283 1768 2316 autern
1800 2289 1897 2315 nun-

402 2354 521 2395 quam
551 2339 625 2381 nisi
655 2353 748 2381 uno.
806 2339 853 2381 Et
888 2339 964 2381 hoc
1002 2353 1173 2381 asserere
1203 2340 1356 2381 conaris
1389 2354 1435 2379 ex
1464 2339 1698 2393 apocryphis
1726 2339 1829 2379 libris
1861 2347 1899 2380 et

403 2404 622 2446 canonibus
652 2405 732 2459 pari
761 2405 955 2457 sententia
984 2412 1207 2446 sanctorum
1239 2411 1389 2458 patrum
1416 2402 1636 2457 repudiatis,
1685 2404 1788 2445 Nam
1810 2403 1898 2445 Cle-

402 2470 550 2511 mentis
583 2468 691 2520 liber,
726 2468 765 2510 id
799 2476 858 2510 est
891 2469 1191 2510 Itinerarium
1231 2469 1355 2510 Petri
1391 2468 1571 2521 apostoli,
1610 2476 1648 2509 et
1677 2468 1900 2510 Canones

402 2534 676 2589 apostolorum
692 2541 947 2575 numerantur
962 2535 1062 2575 inter
1076 2533 1313 2588 apocrypha,
1335 2534 1506 2587 exceptis
1522 2533 1696 2587 capitulis
1711 2533 1897 2588 quinqua·

401 2601 526 2654 ginta,
555 2613 655 2654 quae
675 2598 931 2641 decreverunt
954 2598 1098 2652 regulis
1118 2598 1350 2640 orthodoxis
1367 2597 1628 2652 adiungenda.
1678 2597 1793 2640 Unde
1823 2613 1898 2639 nos

403 2678 572 2720 quoque⁸
598 2678 720 2706 omne
753 2664 1011 2718 apocryphon
1052 2664 1261 2705 abicientes
1302 2662 1557 2716 dedignamur
1592 2662 1723 2704 audire
1759 2677 1897 2704 eorum

404 2729 599 2771 fabulosas
627 2728 869 2779 traditiones,
900 2729 988 2783 quia
1011 2743 1093 2769 non
1123 2736 1214 2769 sunt
1235 2736 1276 2770 ut
1295 2728 1355 2769 lex
1373 2728 1551 2769 Domini.
1593 2752 1632 2757 —
1665 2742 1696 2768 c.
1722 2740 1789 2780 27:
1820 2728 1898 2769 Sed

402 2795 480 2835 iam
510 2793 714 2835 videamus
734 2793 912 2848 capitula,
941 2793 1080 2848 quibus
1099 2801 1209 2848 putas
1230 2807 1346 2847 posse
1375 2792 1531 2834 defendi
1561 2791 1745 2833 adulteria
1774 2807 1898 2833 sacer-

403 2858 558 2909 dotum,
588 2872 672 2900 non
693 2859 887 2912 coniugia.
934 2859 1190 2914 „Episcopus,
1211 2859 1383 2912 inquam,
1404 2856 1606 2911 presbyter
1626 2864 1690 2897 aut
1711 2856 1899 2898 diaconus
