2457 3436
654 380 972 410 consummem
1000 380 1267 410 amsa-omnum
1296 381 1345 418 v1,
1372 382 1425 420 28,
1447 381 1566 421 8—29,
1589 382 1620 413 4.
1806 372 1884 412 379

453 473 618 530 ’ὑγείας
641 475 776 530 χάριν,
796 473 874 518 οὐκ
891 475 1079 531 ἠχθέσθη
1097 475 1164 519 ἐπ’
1182 472 1299 528 αὐτῇ,
1329 475 1426 519 οὔτε
1443 476 1524 530 μὴν
1547 475 1656 526 ὅλως
1674 475 1884 531 ᾐτιάσατο,

452 540 644 584 ῗναντίον
672 543 716 584 δὲ
744 543 813 583 καὶ
840 540 985 584 ἰάσατο
1013 538 1146 594 αὐτὴν
1172 541 1320 595 φήσας·
1350 539 1424 591 ,,Ἡ
1444 545 1580 590 πίστις
1606 554 1684 583 σου
1708 543 1886 584 σέσωκέν

452 610 471 667 ¹:
529 608 567 648 8.
595 608 668 648 καὶ
695 611 884 656 φυσικῶν
916 608 991 658 μὲν
1023 608 1286 659 φαινομένων
1321 616 1411 655 ταῖς
1446 609 1631 666 Μαιξὶν
1667 607 1709 649 οἱ
1741 606 1886 658 ἄνδρες

477 671 821 724 συνερχέσθωσαν
851 674 1051 722 προνοίας
1088 671 1227 713 ἕνεκεν
1252 674 1354 713 ’τῶν
1389 673 1676 725 γεννωμένων·
1716 671 1887 730 α’πειπεν

452 751 471 788 p
497 734 522 779 ὃ
542 737 702 790 Νόμος·
732 736 873 787 „noas
890 741 1090 788 γυναῖκα“
1108 735 1197 788 γάρ,
1226 739 1362 791 φησίν,
1392 737 1465 786 „bv
1483 734 1648 789 ἇφέδρῳ
1677 749 1805 779 ουσαν
1834 728 1887 779 ού
1930 747 1949 777 5

452 806 682 855 οσεγγιεῑς“.
735 800 836 855 μήτε
861 802 943 853 μὴν
969 800 1287 855 ἑγκυμονούσαις
1315 799 1587 854 ὃμιλείτωσαν
1613 800 1773 850 αὐταῖς·
1808 800 1887 861 ⁰¹53}
1945 814 1999 845 Ἣ

452 869 466 908 ὶ
488 869 648 909 παίδων
680 867 760 921 γὰρ
791 868 943 919 γενέσει
970 873 1100 909 τοῦτο
1126 872 1332 915 ποιοῦσιν,
1368 863 1459 908 ἀλλ’
1485 863 1635 919 ἡδονῆς
1666 867 1800 918 χάριν,
1834 866 1887 908 ου’
1992 863 1995 866 ’

452 941 464 973 t
484 933 524 974 δὲ
548 932 785 984 φιλήδονον
803 932 884 974 τὸν
909 930 1115 982 φιλόθεον
1141 929 1352 990 13de.

502 997 654 1039 XXIX.
683 997 765 1047 „AE
790 1006 990 1050 γυναῖκες,
1018 994 1300 1039 ὑποτάσσεσθε
1327 1004 1417 1046 τοῖς
1444 997 1561 1045 ἰδίοις
1590 996 1790 1047 α’νδράσι“
1817 1000 1886 1039 καὶ

452 1061 471 1103 ἃ
498 1065 611 1115 τιμῆς
645 1059 798 1111 αὐτοὺς
831 1062 937 1115 ἔχετε
971 1065 1039 1104 καὶ
1066 1062 1186 1114 φόβῳ
1218 1064 1286 1103 καὶ
1315 1059 1450 1115 ἀγάπῃ
1486 1063 1698 1104 δουλεύετε
1733 1062 1886 1112 αὐτοῖς,
1911 1071 1952 1103 10

452 1142 464 1175 ς
484 1125 507 1180 ἡ
535 1125 627 1180 ἁγία
642 1126 787 1180 Σάρρα
804 1127 882 1169 τὸν
894 1126 1066 1180 Ἀβραὰμ
1094 1128 1209 1179 ἐτίμα
1228 1126 1325 1169 ούδὲ
1352 1127 1396 1178 ἐξ
1414 1126 1620 1179 ὀνόματος
1637 1125 1768 1168 αὐτὸν
1785 1119 1887 1169 ὑποῖ

452 1193 571 1234 bovae
586 1197 740 1243 καλεῖν,
769 1190 874 1235 ἀλλὰ
891 1193 1037 1244 κύριον
1056 1190 1185 1234 αὐτὸν
1201 1191 1565 1245 προσαγορεύουσα
1584 1193 1630 1234 ἐν
1656 1197 1719 1245 τῷ
1737 1195 1884 1245 λέγειν·

452 1260 472 1299 9
492 1259 531 1299 δὲ
557 1257 701 1309 κύριός
733 1273 813 1308 μου
840 1256 1106 1310 πρεσβύτης“.
1163 1270 1200 1299 2.
1230 1254 1383 1310 ὁμοίως
1415 1257 1483 1307 „oz
1511 1256 1668 1309 ἄνδρες,
1702 1248 1888 1310 στέργεῖε

452 1324 481 1371 ἰς
507 1321 664 1364 ἑαυτῶν
701 1331 896 1375 γυναῖκας
932 1320 989 1371 ὡς
1025 1323 1108 1364 ἴδια
1141 1324 1284 1383 μέλη“,
1324 1320 1384 1371 ῶς
1422 1323 1653 1371 κοινωνοὺς
1689 1326 1782 1373 βίου
1818 1326 1887 1365 καὶ

452 1387 615 1441 morong-
647 1388 753 1438 πρὸς
784 1390 942 1441 γένεσιν
979 1389 1154 1429 παίδων.
1220 1390 1585 1439 ,,Συνευφραίνου“
1622 1387 1710 1440 γάρ,
1750 1391 1887 1441 φησίν,
1913 1396 1952 1429 15

452 1453 525 1511 ζιετᾶ
562 1452 756 1506 γυναικός
791 1457 866 1505 τῆς
900 1454 946 1494 ἐκ
982 1453 1180 1506 νεότητός
1217 1464 1307 1502 σου,
1346 1452 1495 1504 ἔλαφος
1534 1458 1607 1505 σῆς
1645 1456 1783 1503 φιλίας
1818 1456 1888 1493 καὶ

452 1522 540 1566 ῶλος
571 1522 659 1560 σῶν
689 1522 872 1571 χαρίτων
909 1516 1099 1571 ὁμιλείτω
1132 1529 1210 1566 σοι,
1246 1515 1272 1570 ἡ
1308 1518 1352 1558 δὲ
1386 1518 1468 1558 ἰδία
1501 1514 1682 1571 ἡγείσθω
1719 1529 1794 1560 σου
1821 1520 1889 1558 καὶ

452 1585 579 1625 ονέστω
611 1596 676 1625 σοι
705 1584 751 1625 ἐν
776 1584 904 1625 παντὶ
930 1587 1079 1634 καιρῷ·
1114 1582 1159 1623 ὲν
1186 1582 1264 1635 γὰρ
1291 1587 1343 1634 τῇ
1375 1582 1527 1635 ταύτης
1561 1584 1676 1633 φιλία
1703 1574 1889 1634 συμπερῖ-

452 1648 622 1700 ιρόμενος
638 1648 876 1696 πολλοστὸς
892 1648 1000 1700 ἔση“.
1047 1660 1082 1701 3.
1112 1643 1294 1700 ἀγαπᾶτε
1312 1644 1390 1688 οὖν
1408 1645 1535 1695 αὐτὰς
1555 1644 1613 1695 ὥς
1630 1648 1758 1688 οἰκεῖα
1775 1649 1889 1701 μέλη,

452 1710 644 1766 ςῦμέτερα
663 1713 849 1766 σώματα·
867 1715 1090 1766 γέγραπται
1107 1712 1186 1765 γὰρ
1205 1710 1358 1761 οὕτως·
1385 1711 1570 1764 ,,Κυ’ριος
1588 1712 1887 1765 διεμαρτύρατο
1910 1720 1953 1751 20

452 1777 488 1819 νᾶ
511 1779 632 1831 μέσον
658 1791 735 1820 σου
762 1779 832 1819 καὶ
860 1776 940 1819 α’νὰ
968 1779 1094 1831 μέσον
1119 1776 1314 1830 γυναικὸς
1341 1775 1538 1831 νεότητός
1565 1788 1654 1826 σου,
1687 1779 1757 1818 καὶ
1784 1776 1888 1831 αὕτη

452 1844 600 1892 οινωνός
628 1855 705 1886 σου
733 1845 802 1884 καὶ
826 1839 903 1884 οὐκ
930 1841 1053 1891 ἄλλος
1081 1842 1283 1897 ἐποίησεν,
1313 1844 1381 1883 καὶ
1400 1839 1628 1895 ὑπόλειμμα
1655 1842 1889 1896 πνεύματός

452 1921 500 1949 ου·
529 1910 594 1951 καὶ
629 1907 871 1961 φυλάξασθε
906 1913 969 1962 rqc’
1001 1905 1201 1960 πνεύματι
1230 1905 1361 1959 ὑμῶν,
1395 1909 1462 1948 καὶ
1496 1915 1668 1960 γυναῖκα
1694 1907 1889 1962 νεότητός

452 1985 485 2014 ου
504 1973 553 2028 μὴ
578 1974 887 2027 &maranum-‘2
935 1987 973 2026 4.
1003 1972 1107 2026 ἀνὴρ
1137 1968 1213 2014 οὖν
1241 1974 1309 2013 καὶ
1328 1971 1442 2026 γυνή,
1471 1973 1630 2025 νομίμῳ
1649 1972 1767 2025 γάμῳ
1795 1984 1889 2014 συν-

452 2036 604 2092 ηόμενοι
631 2040 701 2080 καὶ
720 2035 788 2079 ἀπ’
812 2036 1005 2091 α’λλήλων
1032 2038 1292 2091 ἐγειρόμενοι,
1322 2037 1652 2092 ἀπαρατηρήτως
1675 2039 1890 2091 προσευχέ-
1911 2049 1953 2079 25

452 2105 585 2146 θωσαν·
613 2106 684 2145 καὶ
711 2102 768 2157 μὴ
795 2102 1037 2156 λουσάμενοι
1065 2105 1246 2155 καθαροί
1273 2103 1385 2143 εἰσιν.
1445 2099 1491 2151 ὃς
1518 2098 1556 2143 δ’
1588 2099 1639 2143 ἂν
1668 2101 1890 2154 α’λλοτρίαν

509 2204 527 2234 2
547 2201 604 2234 Mt.
629 2211 661 2245 9,
685 2209 738 2233 22.
774 2219 813 2223 —
849 2204 868 2234 ὂ
891 2200 1008 2233 Ezech.
1038 2200 1086 2240 18,
1109 2199 1146 2241 63
1180 2199 1259 2232 Lev.
1292 2200 1340 2239 18,
1367 2208 1416 2242 19.
1452 2219 1491 2224 -—
1526 2203 1545 2233 7
1568 2199 1598 2232 ΙΙ
1620 2199 1707 2233 Tim.
1743 2210 1770 2242 3,
1793 2209 1824 2240 4.
1849 2219 1889 2225 --

459 2252 517 2288 Col.
540 2265 567 2298 3,
594 2255 643 2289 18.
668 2275 709 2281 —
736 2258 775 2288 11
801 2254 814 2286 1
838 2253 922 2287 Petr.
949 2264 977 2296 3,
996 2263 1024 2296 5.
1042 2253 1073 2287 6.
1097 2273 1138 2278 —
1165 2257 1204 2288 13
1227 2252 1310 2286 Gen.
1339 2254 1388 2293 18,
1408 2262 1456 2286 12.
1481 2271 1521 2278 --
1545 2253 1626 2297 Eph.
1653 2263 1680 2296 5,
1698 2263 1748 2295 25-
1774 2255 1824 2287 28.
1850 2274 1890 2279 —

452 2307 555 2343 Sva.
581 2319 609 2351 5,
637 2309 687 2350 18,
715 2318 765 2352 ¹9·
790 2327 830 2333 —-
853 2311 896 2342 20
917 2307 995 2342 Mal.
1020 2317 1050 2348 2,
1076 2317 1125 2348 ¹4-
1152 2317 1200 2350 15·

508 2399 522 2430 1
546 2391 675 2439 ὑγείας
690 2407 699 2428 :
717 2391 856 2438 ὑγιείας
870 2395 903 2436 h,
927 2402 1030 2438 σρῑας
1045 2395 1065 2427 b
1083 2404 1102 2427 e
1121 2395 1125 2437 Ι
1147 2390 1282 2437 ἤχθετο
1299 2394 1318 2427 b
1334 2394 1355 2426 d
1372 2404 1391 2427 e
1410 2394 1415 2438 Ι
1436 2391 1546 2437 αὐτὴν
1559 2394 1580 2426 d
1599 2395 1605 2436 Ι
1624 2397 1646 2427 4
1670 2391 1776 2428 ἕνεκα
1793 2404 1812 2425 a
1828 2393 1847 2425 b
1880 2404 1884 2432 ι

453 2455 657 2494 προσεγγιεῖ
676 2460 696 2482 a
715 2451 722 2492 Ι
742 2453 764 2483 8
786 2446 849 2483 τὸν
870 2446 1047 2491 φιλόθεον
1069 2445 1262 2491 φιλήδονον
1284 2448 1307 2481 h
1327 2449 1332 2491 Ι
1351 2452 1371 2482 9
1390 2447 1492 2487 ἰδίοις
1507 2453 1551 2487 >
1570 2448 1590 2480 b
1607 2448 1628 2480 d
1646 2458 1664 2480 e
1681 2459 1699 2479 v
1720 2449 1724 2489 Ι
1748 2450 1788 2480 10
1811 2449 1891 2480 δου-

452 2499 546 2539 &aare
569 2506 676 2546 elll
702 2506 755 2537 τῶ
778 2500 1848 2547 alode'pvl130kahzxoe202bdepvl15ye‘vvqaeuvh
1880 2503 1883 2541 f

465 2561 525 2601 σῆς
545 2569 565 2592 a
588 2570 597 2592 :
620 2563 667 2598 >
692 2557 741 2591 rel
772 2560 778 2599 Ι
807 2561 847 2591 21
872 2553 1041 2601 γυναικός·
1064 2568 1073 2590 :
1096 2560 1158 2599 τῆς
1182 2569 1214 2599 γ.
1236 2557 1257 2589 d
1288 2558 1292 2596 1
1323 2559 1367 2590 22
1389 2568 1456 2590 σου
1479 2568 1487 2589 :
1512 2567 1568 2589 σοι
1593 2556 1615 2588 h
1645 2557 1650 2596 Ι
1682 2556 1743 2588 καὶ
1767 2551 1835 2589 οὐκ
1858 2550 1891 2589 δι’.

452 2614 565 2655 οίησεν
587 2617 633 2652 >
658 2623 678 2646 e
698 2613 705 2654 Ι
725 2615 768 2646 23
790 2615 841 2657 τῷ
865 2623 872 2644 ;
897 2610 936 2646 ἐν
957 2615 1007 2645 τῶ
1031 2622 1051 2654 p
1076 2623 1095 2643 v
1115 2613 1120 2650 1
1140 2613 1183 2644 26
1205 2610 1413 2651 λελουμένοι
1439 2621 1458 2654 ρ
1484 2622 1502 2643 ν

453 2738 531 2768 strat
547 2733 815 2778 Chrysostomus
835 2731 872 2764 In
894 2730 1003 2764 ICor.
1021 2730 1112 2764 hom.
1178 2733 1373 2772 βαλανεῖον
1407 2729 1542 2771 ἐλθεῖν,
1577 2727 1651 2763 ἀλλ’
1684 2727 1891 2772 ἀδιαφόρως

452 2786 516 2829 ἿΙΙ,
542 2798 555 2822 1
580 2787 713 2820 dicens:
749 2787 859 2820 Τοῦτο
881 2785 920 2820 δὲ
944 2786 1006 2818 καὶ
1029 2781 1114 2826 ὑμῖν
1181 2784 1233 2823 εἰς
1250 2781 1311 2826 τὴν
1327 2784 1447 2818 οἰκίαν
1458 2780 1696 2819 ἄνεισιν·άπὸ
1709 2784 1747 2818 δὲ
1759 2786 1892 2825 μίξεως

452 2850 499 2881 ’ς’
531 2838 605 2876 άπὸ
632 2840 705 2883 μὲν
729 2836 798 2882 γὰρ
819 2840 1028 2879 πλεονεξίας
1051 2841 1112 2872 καὶ
1179 2835 1324 2880 πόρνης,
1362 2836 1533 2880 καθάπερ
1570 2832 1660 2877 ὅλως
1698 2835 1893 2881 γενόμενος

452 2899 559 2939 ἰαγῆς
581 2892 652 2931 οὐκ
668 2889 717 2927 ἄν
734 2905 786 2933 τις
800 2891 1041 2940 σπουδάσειεν
1054 2892 1112 2928 ἐπὶ
1179 2889 1400 2941 ἀκάθαρτος)
1424 2891 1482 2927 ἐπὶ
1506 2890 1546 2926 τὸ
1567 2889 1768 2927 λούσασθαι
1794 2888 1893 2934 ἔρχε-
