2457 3436
945 373 1175 403 semmoms.
1732 363 1808 402 189

452 469 506 519 uti,
537 469 730 511 minarum
760 477 799 510 et
828 469 1052 511 insidiarum
1074 476 1264 524 expertes,
1294 477 1571 511 conversantes
1601 471 1638 510 in
1665 469 1745 524 fide
1763 483 1810 510 ac

452 535 522 574 'one
548 535 718 575 veritatis
745 548 859 589 usque
877 534 930 575 ad
938 534 1070 588 finem,
1099 542 1366 588 exspectantes
1392 543 1472 587 spes
1495 536 1596 576 vitae
1624 534 1808 576 caelestes

452 600 668 640 »missiones
702 607 876 641 aeternas
905 600 1065 640 Domini
1096 608 1130 640 et
1161 600 1364 641 salvatoris
1397 601 1515 640 nostri
1541 600 1623 641 Iesu
1655 598 1807 648 Christi,

452 678 532 705 lem
563 663 630 705 tibi
659 663 784 718 gloria
812 671 851 706 et
878 665 1085 718 imperium
1116 666 1155 705 in
1175 672 1311 706 sancto
1332 665 1469 719 spiritu
1498 671 1537 706 et
1565 679 1669 706 nunc
1700 676 1739 706 et
1769 665 1807 705 in

481 729 631 770 saecula
659 729 918 780 saeculorum,
947 743 1075 771 amen.

926 913 1064 954 XXVI
1094 912 1205 968 (κη).

558 990 812 1031 Benedictio
840 991 887 1031 in
915 991 1237 1032 oonsntutione
1265 991 1571 1032 diaconorum.

455 1107 464 1116 .
499 1075 612 1116 Pater
647 1075 849 1129 unigeniti,
884 1077 950 1131 qui
975 1075 1106 1131 filium
1141 1077 1274 1117 misisti
1303 1083 1415 1118 tuum
1453 1083 1491 1118 et
1526 1075 1713 1117 ordinasti
1747 1089 1810 1117 res

461 1147 563 1181 terra
591 1146 706 1195 atque
736 1140 920 1181 ecclesiae
949 1154 1120 1182 canones
1148 1148 1186 1182 et
1205 1140 1363 1183 ordines
1384 1140 1524 1182 dedisti
1545 1141 1584 1181 in
1605 1140 1810 1182 utilitatem

452 1212 550 1246 item
579 1218 758 1258 gregum,
794 1206 859 1260 qui
889 1205 1038 1259 elegisti
1074 1206 1282 1260 episcopos
1319 1213 1357 1247 et
1386 1205 1635 1261 presbyteros
1664 1212 1703 1247 et
1732 1204 1811 1246 dia-

479 1270 519 1310 in
555 1270 815 1311 ministerium
852 1270 1064 1312 catholicae
1099 1278 1187 1312 tuae
1222 1270 1419 1322 ecclesiae,
1455 1271 1520 1325 qui
1557 1270 1706 1324 elegisti
1742 1284 1810 1324 per

452 1336 562 1377 ritum
600 1341 712 1377 tuum
753 1344 906 1389 septem
945 1335 1135 1377 diaconos
1175 1337 1308 1391 eisque
1350 1336 1508 1390 largitus
1550 1350 1592 1377 es
1631 1336 1808 1390 spiritum

452 1414 516 1441 m:
548 1411 587 1441 2.
616 1400 811 1442 constitue
840 1407 879 1442 et
908 1401 1010 1443 hunc
1041 1399 1249 1443 diaconum
1276 1401 1459 1443 ecclesiae
1478 1408 1567 1443 tuae
1597 1401 1809 1443 catholicae

461 1465 501 1506 in
531 1478 581 1506 eo
609 1466 779 1520 spiritum
809 1466 1026 1520 cognitionis
1053 1479 1099 1507 ac
1118 1466 1357 1516 discretionis,
1387 1473 1430 1507 ut
1457 1466 1581 1521 possit
1610 1466 1711 1507 inter
1739 1480 1809 1520 po-

479 1536 658 1571 sanctum
687 1544 784 1586 pure
812 1538 851 1572 et
879 1531 1125 1573 immaculate
1155 1532 1373 1573 ministrare
1408 1532 1447 1572 in
1484 1531 1561 1572 hoc
1591 1531 1808 1572 ministerio

452 1595 667 1649 nigenitum
701 1603 814 1637 tuum
843 1595 972 1637 Iesum
1003 1595 1218 1647 Christum,
1253 1610 1322 1650 per
1356 1611 1473 1651 quern
1508 1596 1578 1638 tibi
1611 1595 1736 1649 gloria
1771 1603 1809 1637 et

452 1661 526 1701 ium
561 1660 601 1701 in
630 1667 767 1702 sancto
796 1661 931 1715 spiritu
966 1667 1005 1703 et
1034 1675 1138 1703 nunc
1173 1669 1212 1703 et
1246 1663 1285 1703 in
1324 1662 1459 1703 omnia
1493 1660 1644 1703 saecula
1678 1675 1810 1703 saecu-

452 1757 462 1775 ,
491 1738 619 1767 amen.

904 1899 1060 1940 XXVII
1090 1898 1217 1953 (xm).

518 1976 772 2018 Benedictio
800 1977 847 2017 in
877 1977 1198 2018 oonstItutlono
1226 1977 1615 2028 presbytororum.

455 2093 464 2103 .
500 2062 664 2103 Manum
693 2062 951 2112 extendimus,
987 2062 1177 2112 Domine,
1213 2062 1318 2103 Deus
1353 2062 1555 2112 caelorum,
1591 2069 1699 2116 pater
1727 2063 1812 2103 uni-

468 2126 537 2178 tui,
565 2140 683 2181 super
711 2126 814 2169 hunc
843 2127 1049 2169 hominem
1080 2134 1119 2169 et
1147 2141 1318 2178 oramus,
1348 2134 1389 2168 ut
1408 2129 1560 2182 spiritus
1577 2128 1747 2168 veritatis
1776 2128 1810 2168 ei

452 2244 494 2268 nes
528 2241 706 2279 praeterea,
744 2246 823 2280 quas
857 2247 917 2280 pro
952 2247 1032 2269 con·
1145 2246 1171 2269 1.
1206 2233 1374 2277 διατάξας
1397 2237 1486 2279 aaz]
1519 2236 1556 2269 In
1579 2236 1728 2270 oratione
1754 2246 1812 2279 pro

452 2289 481 2323 lo
497 2289 641 2323 diacono
657 2289 744 2332 VIII,
766 2290 815 2332 18,
839 2290 1031 2335 presbytero
1098 2290 1328 2324 constituendo
1351 2290 1581 2324 archidiacono
1605 2290 1696 2324 Ritus
1719 2290 1811 2324 Iaco-

455 2343 486 2384 6,
516 2343 675 2389 episcopo
701 2343 790 2385 VIII,
821 2353 835 2387 5
868 2344 1031 2386 exhibent,
1099 2344 1236 2378 bitarum
1261 2350 1359 2387 copt.,
1383 2350 1417 2377 ut
1440 2344 1632 2387 Brightman
1655 2344 1744 2384 vidit,
1768 2345 1811 2377 si-

453 2397 519 2431 ulis
557 2404 690 2432 nostrae
729 2398 905 2443 scripturae
939 2399 1032 2433 valde
1098 2398 1218 2432 militer
1251 2398 1364 2432 habet:
1404 2408 1501 2442 super
1540 2403 1661 2431 terram
1695 2399 1811 2431 creasti

453 2458 499 2487 nt.
549 2453 802 2487 Animadvertas
835 2453 944 2494 etiam,
980 2463 1032 2486 se·
1098 2463 1234 2486 omnem
1274 2452 1414 2486 formam
1452 2462 1567 2485 eorum
1607 2457 1639 2486 et
1676 2453 1813 2485 nomine

452 2518 458 2540 ι
480 2506 674 2551 scripturam
695 2512 843 2541 nostram
869 2517 974 2551 aeque
996 2517 1034 2540 ac
1100 2508 1226 2541 vocasti
1265 2508 1394 2540 ordines
1428 2504 1559 2550 (τάξις)
1597 2512 1629 2540 et
1668 2517 1812 2540 canones

452 2571 496 2595 um
537 2560 800 2595 constitutiones
839 2561 919 2595 eccl.
959 2572 1032 2605 aeg.
1099 2558 1254 2605 (κανών)
1277 2571 1394 2595 omnes
1418 2561 1575 2594 ecclesiae
1597 2561 1811 2605 (Denzinger,

481 2615 628 2649 maiores
654 2620 780 2649 tantum
809 2615 950 2649 ordinari
980 2615 1032 2649 vel
1099 2615 1192 2649 Ritus
1214 2616 1253 2656 11,
1276 2617 1322 2659 9).

453 2669 704 2714 impositionem
719 2670 878 2715 accipere,
902 2680 977 2703 cum
1000 2670 1033 2703 in
1143 2669 1278 2710 XXVII,
1307 2679 1332 2703 1.
1366 2667 1430 2713 τὴν
1455 2675 1559 2713 χεῖρα
1589 2669 1812 2712 §aereis-oum]

452 2723 617 2758 nationibus
645 2729 751 2768 apost.
775 2725 874 2758 etiam
903 2724 1033 2758 subdia·
1099 2724 1235 2757 Pluralis
1253 2724 1327 2757 inde
1346 2724 1498 2768 explicari
1515 2724 1651 2766 videtur,
1675 2724 1761 2768 quod
1778 2724 1811 2757 in

469 2779 624 2818 lectores.
648 2777 681 2811 iu
698 2778 852 2823 Epitome
868 2778 940 2812 libri
957 2779 1032 2812 VIII
1099 2778 1304 2812 ordinatione
1323 2779 1504 2823 presbyteri
1520 2779 1619 2811 etiam
1632 2779 1813 2823 presbyteri

452 2831 554 2876 'peris
581 2831 770 2867 subdiaconi
800 2832 917 2866 saltem
945 2833 1031 2867 ordi·
1098 2843 1234 2865 manum
1250 2832 1474 2876 imponebant.
1509 2832 1561 2866 Cf.
1574 2832 1715 2867 Constit.
1732 2832 1811 2866 eccl.

1098 2897 1171 2930 aeg.
1196 2886 1236 2928 11,
1264 2897 1296 2927 13
1320 2886 1466 2920 Testam.
1490 2887 1532 2920 D.
1555 2897 1587 2920 n.
1611 2886 1636 2927 1,
1662 2896 1712 2929 30.

1836 1281 1877 1312 lo

1836 1606 1874 1637 15
