2457 3436
688 381 1008 421 consum-nouas
1034 381 1298 412 APOSTOLORUR(
1326 383 1361 418 v,
1392 385 1421 421 7,
1444 385 1561 416 6—11.
1793 374 1871 413 253

452 482 500 520 ἰν
530 481 608 520 καὶ
641 477 767 520 δώσω
794 478 845 520 τὸ
865 476 1026 530 πνεῦμά
1050 492 1131 530 μου
1158 478 1204 520 ἐν
1230 475 1340 530 ὑμῖν,
1368 480 1438 520 καὶ
1455 478 1642 532 ζήσεσθε,
1671 480 1739 520 καὶ
1766 479 1870 533 γνῶ-

452 558 497 595 ·ε,
528 542 602 585 ὅτι
622 543 706 597 ἐγώ
725 543 869 596 κύριος
896 542 1098 596 λελάληκα
1121 545 1191 584 καὶ
1217 542 1417 597 ποιήσω’.
1466 545 1502 584 6.
1533 545 1601 585 καὶ
1628 543 1695 585 διὰ
1706 542 1872 585 Ἡσαΐου

452 606 506 651 b·
555 607 903 662 »Ἀναστήσονται
939 606 979 649 οἶ
1012 609 1166 659 νεκροί,
1205 609 1273 649 καὶ
1304 607 1596 662 ἐγερθήσονται
1633 608 1674 650 οἱ
1706 609 1752 650 ἐν
1785 617 1870 656 τοῖς

452 676 593 724 uoce,
627 675 700 715 καὶ
735 672 1097 728 εὐφρανθήσονται
1134 672 1173 714 οἱ
1205 671 1473 728 ἡσυχάζοντες
1506 674 1551 714 ἐν
1578 679 1631 726 τῇ
1657 677 1720 727 γῇ,
1755 672 1819 714 ὅτι
1847 671 1871 727 ἡ

452 735 519 788 ὐς
544 735 572 792 ἢ
599 737 716 791 παρὰ
745 743 821 780 σοῦ
855 739 952 813 ἴαμα
985 734 1127 786 αὐτοῖς
1154 738 1307 780 ἐστιν’.
1364 751 1402 791 7.
1429 738 1563 779 πολλὰ
1587 740 1664 791 μὲν
1698 734 1774 779 οὖν
1802 739 1869 779 καὶ

452 805 492 845 ia
515 806 614 855 περὶ
641 808 717 857 τῆς
734 800 997 851 ἀναστάσεως
1025 803 1182 857 εἴρηται
1211 805 1279 844 καὶ
1306 805 1399 855 περὶ
1417 807 1489 857 τῆς
1515 807 1603 844 τῶν
1627 804 1800 844 δικαίων
1826 802 1872 844 ἐν

452 865 476 923 fi
504 869 703 921 διαμονῆς
736 871 803 909 καὶ
839 871 931 921 περὶ
967 873 1044 921 τῆς
1079 873 1171 910 τῶν
1206 864 1369 918 ἀσεβῶν
1407 870 1617 926 τιμωρίας,
1657 867 1870 917 πτώσεως,

452 937 655 987 Ιμεροφῆς,
505 922 921 987 -καταόὶκης,
956 932 1133 984 αδοξίας,
1156 932 1304 991 -πυρὸς
1338 934 1510 974 αἰωνίου
1550 934 1621 973 καὶ
1657 932 1871 989 σκώληκος

452 996 672 1058 &nmium-.-
720 999 759 1040 8.
793 1000 862 1039 καὶ
895 994 972 1046 ότι,
1007 999 1043 1039 εἰ
1069 997 1262 1047 ἐβούλετο
1298 996 1457 1044 πάντας
1485 994 1739 1048 ἀνθρώπους
1768 994 1871 1037 εἶναι

452 1062 633 1113 bitom,
654 1060 855 1116 ἠδύνατο,
884 1062 1033 1114 ἔδειξεν
1058 1062 1138 1104 τὸν
1157 1062 1284 1115 Ἑνώχ
1312 1065 1378 1103 καὶ
1408 1062 1486 1103 τὸν
1505 1059 1641 1103 Ἠλὶαν
1667 1061 1721 1114 μὴ
1751 1053 1872 1109 ἐάσας

452 1127 569 1170 ’ἑτσυ
591 1137 741 1187 πεῖραν
766 1132 916 1179 λαβεῖν.
963 1128 998 1169 εἰ
1025 1129 1070 1168 δε
1088 1129 1157 1169 καὶ
1175 1126 1282 1168 κατὰ
1310 1126 1454 1181 γενεὰν
1472 1126 1570 1175 τοὺς
1593 1117 1873 1186 τελευτῶντας

452 1196 549 1236 πᾶν
575 1191 743 1246 ἤθελεν,
779 1196 847 1235 καὶ
876 1190 924 1234 δι’
955 1191 1106 1234 ἑαυτοῦ
1133 1194 1201 1234 καὶ
1230 1189 1276 1233 dl
1308 1191 1461 1243 ἑτέρων
1489 1191 1659 1241 ἔπεισεν,
1693 1190 1771 1232 τὸν
1797 1192 1872 1249 μὲν

452 1270 481 1298 ν
506 1263 578 1311 τῆς
607 1258 797 1317 χήρας-
747 1248 842 1300 δια
861 1256 997 1299 Ἠλίου
1024 1248 1256 1310 αἰαστήσας
1283 1259 1351 1298 καὶ
1384 1256 1461 1298 τὸν
1348 1261 1560 1315 τῆς
1534 1256 1871 1315 nggvfflffi

453 1339 456 1361 ι
481 1313 706 1366 iimalov.
762 1336 799 1376 9.
834 1322 1068 1376 πειθόμεθα
1096 1323 1139 1364 δὲ
1165 1322 1220 1376 μὴ
1247 1312 1402 1374 μισθὸν
1438 1325 1634 1374 τιμωρίας
1663 1319 1765 1362 εἶναι
1793 1320 1871 1361 τὸν

452 1391 583 1437 ναῖον,
611 1388 656 1440 ἐξ
681 1402 745 1429 ων
772 1384 904 1430 αὐτὸν
930 1389 998 1429 καὶ
1026 1385 1135 1441 αγιοι
1162 1385 1393 1441 ὑπέστησαν
1421 1385 1446 1440 ἢ
1474 1388 1550 1445 καὶ
1574 1385 1703 1434 αὐτὸς
1731 1384 1755 1427 ὁ
1784 1389 1871 1426 τῶν

452 1451 514 1494 ἔον
536 1453 678 1505 κύριος
697 1451 846 1507 Ἰησοῦς
865 1450 890 1495 ὁ
909 1452 1100 1505 Χριστός,
1127 1484 1153 1503 ,‚
1143 1449 1182 1504 ,ἡ
1209 1452 1292 1510 ζωὴ
1320 1456 1409 1492 τῶν
1435 1442 1597 1493 πιστῶν
1625 1448 1746 1504 καὶὴ
1721 1467 1822 1509 η-
1776 1448 1871 1491 ἀνά-

452 1529 521 1566 ισις
544 1523 635 1559 τῶν
662 1520 862 1571 νεκρῶν“.
919 1530 977 1560 10.
1007 1517 1074 1560 διὰ
1091 1521 1219 1559 τοῦτο
1247 1513 1325 1559 οὖν
1352 1518 1455 1565 τέως
1475 1533 1532 1564 ως
1561 1532 1614 1557 αν
1642 1517 1687 1557 ἐν
1704 1505 1871 1568 μεγαλο-

452 1645 579 1706 ᾰ-υσιν,
618 1647 686 1689 ἵνα
726 1647 957 1700 α’ναστὴσας
993 1646 1169 1689 ἕκαστον
1206 1645 1232 1701 ἢ
1271 1645 1509 1701 αποκηρύξῃ
1549 1644 1573 1700 ἢ
1615 1645 1873 1703 στεφανώσῃ.

452 1743 461 1753 .
488 1711 511 1754 ὁ
541 1712 618 1766 γάρ
649 1717 727 1754 τοῦ
756 1712 874 1765 Ἀδὰμ
908 1712 959 1754 τὸ
993 1716 1108 1765 σῶμα
1141 1714 1188 1753 ἐκ
1219 1717 1292 1765 γῆς
1324 1715 1393 1753 καὶ
1426 1718 1516 1770 τῶν
1549 1716 1713 1753 λοιπῶν
1751 1726 1873 1752 κατα-

452 1778 594 1828 ευάσας,
622 1793 746 1826 ουτος
772 1780 841 1818 καὶ
868 1782 958 1819 τῶν
977 1782 1137 1820 λοιπῶν
1165 1779 1232 1818 καὶ
1260 1781 1337 1819 τοῦ
1360 1776 1533 1829 πρώτου
1559 1776 1661 1828 μετὰ
1688 1766 1875 1817 διάλυσιν

494 1942 514 1974 8
535 1940 594 1976 les.
618 1940 669 1980 26,
695 1949 746 1983 ¹9-
778 1958 819 1963 —
848 1940 953 1974 81es.
976 1939 1027 1981 66,
1053 1948 1104 1980 24.
1137 1959 1175 1963 —
1208 1944 1249 1974 10
1273 1940 1357 1974 Gen.
1383 1949 1411 1982 5,
1436 1948 1493 1979 24;
1522 1940 1566 1972 IV
1591 1940 1672 1984 Reg.
1698 1949 1727 1978 2,
1756 1949 1802 1972 11.
1834 1958 1875 1964 -

458 1992 499 2026 111
518 1994 598 2037 Reg.
625 2004 672 2036 ¹7·
699 2012 736 2018 —
764 1994 811 2026 lV
835 1994 918 2037 Reg.
940 2002 971 2033 4.
995 2013 1036 2019 —-
1062 1998 1101 2028 16
1124 1994 1234 2028 Ioaun.
1262 2005 1310 2033 ιι,
1333 2003 1384 2036 25.
1413 2013 1449 2018 —
1474 1997 1516 2027 20
1540 1994 1624 2027 Gen.
1654 2003 1683 2033 2,
1708 2003 1736 2036 7.

495 2137 511 2168 1
534 2136 595 2168 καὶ
615 2132 777 2178 ζήσεσθε
794 2139 839 2173 >
856 2134 876 2168 b
899 2145 920 2168 o
939 2136 945 2176 1
965 2139 986 2169 2
1009 2128 1063 2168 ὅτι
1087 2146 1096 2168 :
1119 2130 1208 2169 διὸτι
1231 2135 1252 2168 d
1271 2137 1277 2176 Ι
1298 2132 1421 2177 κύριος
1446 2139 1482 2175 -Ι-
1508 2137 1565 2168 καὶ
1590 2135 1609 2167 b
1632 2145 1653 2168 ο
1673 2137 1679 2176 Ι
1698 2131 1875 2178 λελάληκα

473 2188 493 2220 h
515 2200 523 2220 :
548 2186 702 2231 ἐλάλησα
727 2189 747 2221 b
771 2199 806 2221 m
831 2199 852 2222 o
876 2200 896 2232 p
917 2200 948 2229 ν,
975 2192 1011 2229 «Ι-
1037 2185 1122 2230 ὑμῖν
1144 2189 1167 2222 h
1187 2198 1190 2230 Ι
1216 2193 1237 2223 4
1260 2185 1497 2231 ἡσυχάζοντες
1520 2200 1527 2221 :
1553 2194 1627 2232 post
1653 2192 1696 2231 γῇ
1719 2189 1750 2230 d,
1774 2194 1818 2228 >
1843 2200 1875 2221 m

474 2241 561 2275 Lxx
581 2244 587 2284 1
606 2246 627 2276 5
650 2244 710 2276 σοὶ
733 2252 768 2275 m
793 2253 813 2286 p
840 2245 846 2283 Ι
873 2244 927 2282 616
949 2244 1011 2276 καὶ
1033 2239 1137 2284 ἕτερα
1160 2249 1235 2287 post
1257 2240 1490 2282 ἀναστάσεως
1514 2254 1546 2275 m
1570 2254 1591 2286 p
1615 2255 1635 2283 ν,
1660 2244 1666 2284 Ι
1693 2246 1714 2277 6
1736 2246 1797 2286 τῆς
1821 2254 1875 2276 sec

455 2296 473 2328 b
494 2307 516 2330 o
534 2298 540 2337 Ι
559 2299 616 2335 617
640 2299 816 2338 διαμονῆς
837 2295 876 2330 ἐν
899 2293 983 2339 δόξη
1005 2306 1029 2329 ο
1051 2297 1094 2338 19
1119 2296 1153 2331 εἰ
1173 2301 1217 2335 >
1236 2307 1258 2330 o
1277 2299 1283 2338 Ι
1306 2301 1344 2331 10
1370 2293 1523 2339 ἠδύνατο
1547 2309 1554 2329 :
1578 2296 1627 2331 ecs.
1651 2297 1672 2329 h
1697 2309 1726 2337 v,
1753 2301 1789 2337 -Ι-
1815 2299 1875 2331 καὶ

459 2355 462 2386 ζ
479 2355 513 2384 11
532 2347 695 2384 θανάτου
709 2355 842 2392 πεῖραν
857 2363 901 2380 Ν
916 2350 937 2383 b
952 2351 993 2392 οΙ
1010 2353 1051 2384 12
1070 2348 1215 2385 ἔπεισεν
1238 2362 1245 2383 :
1268 2354 1374 2386 τοῦτο
1392 2353 1479 2393 ὁῆλο
1500 2349 1670 2394 ἐποίησεν
1683 2361 1701 2383 a
1717 2351 1721 2392 Ι
1739 2355 1778 2384 13
1794 2362 1877 2384 σοι·-

452 2405 563 2444 iudos·
586 2404 606 2437 d
629 2404 676 2447 h}
700 2408 741 2438 14
768 2402 991 2446 πειθώμεθα
1014 2404 1035 2437 h
1061 2406 1065 2446 Ι
1093 2402 1141 2447 μὴ
1164 2409 1209 2444 >
1233 2405 1253 2438 b
1277 2405 1297 2438 d
1321 2416 1342 2438 o
1362 2407 1368 2447 Ι
1388 2407 1561 2447 τιμωρίας
1584 2417 1591 2438 :
1615 2401 1790 2446 ἁμαρτίας
1812 2405 1834 2437 h
1866 2406 1870 2444 Ι

452 2460 555 2501 »plac
578 2454 671 2493 εἶναι
686 2459 767 2491 evb
785 2457 807 2491 d
823 2468 844 2491 o
866 2459 871 2498 Ι
893 2460 932 2493 15
954 2459 1016 2492 καὶ
1038 2469 1078 2502 pr
1094 2462 1130 2499 -Ι-
1149 2458 1183 2493 οὶ
1206 2459 1226 2491 b
1249 2460 1296 2500 ol
1319 2463 1415 2500 lbllss
1439 2462 1510 2493 τῶν
1533 2456 1648 2501 ἁγίων
1672 2471 1678 2491 2
1703 2456 1823 2493 αὐτῶν
1844 2470 1877 2491 m

452 2507 1868 2556 3>h11coer>÷&hlr‘psec>h117ossc>b01aev>bdmopv4

452 2563 471 2610 ἦ
492 2577 531 2610 pr
544 2570 589 2606 >
605 2578 624 2600 a
646 2569 652 2608 Ι
670 2563 888 2610 στεφανώσῃ
908 2578 916 2599 z
931 2563 991 2600 ‘lm
1014 2578 1068 2600 στ.
1085 2566 1114 2607 b,
1139 2565 1260 2601 άναστ.
1283 2577 1305 2600 ο
1323 2571 1328 2609 Ι
1349 2571 1392 2601 20
1414 2568 1475 2600 καὶ
1491 2570 1564 2600 τῶν
1579 2569 1715 2600 λοιπῶν
1730 2571 1775 2605 >
1791 2577 1810 2600 a
1827 2578 1848 2611 p
1865 2587 1867 2604 :

452 2624 480 2655 21
504 2618 786 2660 κατασκευάσας
803 2631 812 2654 :
828 2617 983 2663 ποιήσας
1004 2625 1038 2654 a²
1061 2631 1157 2665 supra
1178 2621 1310 2661 lineam,
1332 2626 1376 2660 >
1395 2632 1414 2654 a
1433 2622 1440 2662 Ι
1458 2624 1497 2655 21
1523 2613 1628 2660 οὗτος
1650 2620 1672 2652 h
1695 2631 1710 2653 s
1733 2633 1740 2653 ε
1763 2615 1879 2660 οὕτως

468 2684 500 2716 ο,
523 2672 633 2714 αὐτὸς
656 2686 691 2708 m
712 2685 734 2718 p
758 2686 789 2714 v,
812 2678 855 2712 >
878 2685 898 2707 a
917 2676 923 2716 Ι
942 2676 1016 2707 τῶν
1037 2677 1174 2708 λοιπῶν
1197 2701 1206 2709 .
1230 2700 1238 2709 .
1261 2678 1325 2709 τοῦ
1348 2675 1495 2717 πρώτου
1517 2688 1561 2705 Ν
1584 2675 1606 2707 h

457 2835 499 2871 τὰ
528 2837 683 2880 θέατρα,
717 2837 779 2870 καὶ
811 2836 899 2871 ποτὲ
929 2836 999 2878 μὲν
1019 2834 1104 2871 ταῦ-
1168 2834 1342 2881 θρώποις,
1361 2834 1599 2879 αἰχμαλώτοις
1615 2834 1878 2879 τυχόνῆκατα-

452 2903 458 2928 5
491 2889 687 2935 ἐμάχοντο,
734 2891 820 2925 ποτὲ
863 2890 901 2925 δὲ
939 2892 1003 2924 καὶ
1041 2888 1103 2923 ᾰν-
1167 2892 1311 2935 κρίτοις.

1896 1076 1938 1108 10

1896 1399 1935 1430 15
