2457 3436
806 362 1070 393 Arosromnuu
1096 363 1176 398 vm,
1201 364 1251 401 13,
1273 363 1392 395 9—15.
1764 353 1841 391 517

452 472 544 500 smo
574 458 797 501 illuminatis
826 472 999 508 oremus,
1028 466 1071 500 ut
1099 456 1381 500 confirmentur
1410 458 1450 498 in
1479 456 1575 509 fide;
1611 471 1752 499 omnes
1780 458 1843 499 alii

452 524 535 565 aliis
556 523 822 566 obsecremus
870 536 908 576 9.
938 523 1088 565 Suscita
1107 537 1196 574 nos,
1227 523 1348 574 Deus,
1377 523 1417 564 in
1445 523 1567 577 gratia
1588 530 1666 565 tua.
1714 522 1843 564 Susci-

464 602 543 630 nos
578 589 687 643 ipsos
719 588 811 630 Deo
848 601 917 642 per
950 587 1150 630 Christum
1187 589 1268 629 eius
1303 587 1643 629 commendemus.
1705 601 1764 629 10.
1793 589 1842 629 Et

455 667 561 707 opus
589 653 708 695 dicat:
749 653 868 703 Deus,
903 654 969 708 qui
998 666 1160 707 magnus
1193 661 1228 694 et
1255 655 1387 707 magni
1413 654 1572 694 nominis
1600 667 1648 702 es,
1682 666 1843 706 magnus

452 718 502 759 lio
542 727 577 759 et
610 726 742 773 potens
783 717 950 773 operibus
955 732 974 767 ;
1014 718 1123 759 Deus
1164 725 1201 760 et
1241 725 1348 773 pater
1389 719 1513 759 sancti
1541 717 1624 773 filii
1663 719 1721 759 tui
1760 718 1841 759 Iesu
1885 724 1906 756 5

452 784 551 825 toris
579 783 718 833 nostri,
752 783 900 837 respice
928 796 1044 837 super
1070 796 1145 823 nos
1171 796 1217 824 ac
1244 797 1360 837 super
1389 796 1551 836 gregem
1581 790 1692 825 tuum
1723 783 1839 834 hunc,

452 863 466 889 i
501 862 574 903 per
609 862 700 889 eum
731 847 907 902 delegisti
936 846 984 889 ad
1018 847 1193 889 nominis
1220 848 1277 889 tui
1310 847 1494 901 gloriam;
1533 855 1571 888 et
1597 846 1841 889 sanctificans

452 927 491 954 us
525 920 709 955 nostrum
745 920 784 954 et
818 913 990 954 animam
1026 920 1199 954 nostram
1231 912 1420 963 concede,
1455 919 1497 954 ut
1532 912 1651 967 effecti
1673 915 1768 967 puri
1793 912 1841 953 ab

475 979 758 1033 inquinamento
786 979 913 1019 carnis
940 991 986 1019 ac
1011 979 1163 1033 spiritus
1182 978 1382 1032 proposita
1410 977 1514 1019 bona
1534 991 1840 1032 consequamur3

457 1057 633 1098 nemque
651 1050 832 1085 nostrum
853 1042 1057 1097 indignum
1088 1042 1247 1094 iudices,
1276 1056 1412 1084 verum
1441 1043 1494 1083 sis
1514 1049 1648 1084 noster
1673 1042 1838 1093 adiutor,
1865 1048 1905 1079 10

452 1108 574 1159 dator,
605 1115 876 1162 propugnator
903 1121 972 1163 per
995 1107 1196 1149 Christum
1224 1114 1349 1157 tuum,
1380 1121 1469 1148 cum
1498 1120 1578 1161 quo
1607 1108 1675 1148 tibi
1704 1106 1840 1159 gloria,

452 1186 491 1224 tr,
520 1172 620 1224 laus,
648 1172 895 1227 glorificatio,
923 1173 1133 1226 gratiarum
1159 1172 1263 1214 actio
1293 1179 1332 1213 et
1350 1179 1486 1214 sancto
1515 1172 1664 1226 spiritui
1692 1173 1731 1213 in
1760 1186 1841 1213 sae-

478 1251 612 1279 amen.
674 1251 734 1279 11.
764 1237 811 1278 Et
840 1243 1048 1291 postquam
1078 1250 1220 1277 omnes
1249 1236 1445 1277 dixerunt:
1481 1238 1626 1287 Amen,
1656 1236 1842 1278 diaconus

454 1318 465 1343 ε
496 1302 772 1344 Attendamus.
823 1314 883 1343 12.
912 1303 971 1343 Ac
988 1302 1196 1356 episcopus
1216 1303 1267 1343 ita
1287 1300 1335 1343 ad
1360 1302 1548 1355 populum
1570 1302 1840 1357 proloquatur:

452 1375 488 1409 ta
523 1368 680 1408 sanctis.
742 1379 803 1420 13.
832 1366 1081 1421 Populusque
1110 1365 1362 1420 respondeat:
1397 1366 1507 1407 Unus
1536 1372 1705 1417 sanctus,
1740 1381 1840 1408 unus
1866 1372 1905 1403 15

457 1433 563 1483 inus,
582 1431 691 1473 Iesus
711 1432 904 1482 Christus,
922 1432 963 1472 in
981 1431 1147 1485 gloriam
1166 1431 1241 1472 Dei
1260 1432 1378 1485 patris
1395 1430 1621 1473 benedictus
1641 1445 1681 1472 es
1702 1432 1741 1471 in
1761 1445 1841 1473 sae-

472 1511 606 1539 amen.
657 1496 792 1538 Gloria
821 1500 860 1537 in
879 1495 1071 1537 altissimis
1090 1496 1187 1546 Deo,
1216 1503 1251 1537 et
1270 1497 1309 1536 in
1328 1503 1431 1536 terra
1453 1503 1548 1550 pax,
1578 1497 1617 1536 in
1635 1495 1842 1536 hominibus

460 1562 653 1603 voluntas.
700 1561 885 1602 Hosanna
896 1560 983 1616 filio
1002 1560 1138 1602 David
1143 1574 1161 1610 ;
1188 1560 1408 1610 benedictus,
1437 1562 1502 1615 qui
1518 1562 1619 1601 venit
1638 1561 1677 1601 in
1697 1562 1843 1601 nomine

452 1628 520 1676 ini,
548 1626 656 1668 Deus
674 1626 875 1676 Dominus,
904 1633 938 1667 et
966 1626 1142 1681 apparuit
1170 1626 1209 1666 in
1227 1625 1353 1675 nobis;
1381 1625 1549 1666 hosanna
1577 1626 1617 1665 in
1636 1624 1840 1665 altissimis.

452 1692 541 1733 Post
570 1691 647 1733 hoc
676 1698 803 1732 sumat
834 1699 873 1733 et
900 1691 1168 1732 communicet
1188 1691 1409 1744 episcopus,
1440 1689 1580 1731 deinde
1609 1689 1838 1744 presbyteri,
1861 1694 1905 1725 20

452 1757 518 1807 mi,
553 1756 796 1806 subdiaconi,
831 1756 1011 1806 lectores,
1046 1763 1227 1798 cantores
1263 1762 1302 1797 et
1338 1762 1500 1805 ascetae,
1536 1762 1575 1796 et
1612 1756 1653 1795 in
1684 1754 1841 1796 feminis

452 1822 606 1872 missae,
633 1821 806 1874 virgines
835 1828 874 1862 et
902 1821 1058 1871 viduae3
1093 1828 1229 1875 postea
1258 1821 1380 1874 pueri,
1413 1828 1583 1874 tuncque
1612 1821 1742 1861 omnis
1771 1834 1840 1873 po-

452 1900 461 1926 ³
490 1885 630 1928 ordine
666 1900 757 1927 cum
787 1886 938 1941 pudore
973 1893 1011 1927 et
1039 1887 1257 1927 reverentia
1291 1885 1434 1939 absque
1469 1885 1643 1939 strepitu.
1706 1897 1765 1936 15.
1796 1885 1842 1927 Et

498 2058 615 2092 Codex
649 2058 671 2091 d
703 2068 783 2091 vero
814 2058 898 2091 hauc
930 2059 1063 2099 retinet;
1130 2058 1277 2091 culorum
1313 2058 1455 2101 priorum
1490 2063 1627 2098 tantum,
1666 2069 1707 2091 an
1742 2058 1841 2091 etiam

452 2123 491 2146 ue
521 2113 667 2156 sequitur
697 2112 801 2146 codex
825 2110 841 2145 f
859 2112 892 2145 in
916 2113 1063 2145 sectione
1129 2112 1334 2146 monachos?
1357 2112 1425 2145 Cur
1437 2112 1499 2145 hos
1511 2123 1669 2156 nusquam
1682 2114 1841 2152 nominat,

452 2167 606 2207 rdinibus,
644 2177 743 2211 quarn
780 2167 897 2199 iterum
933 2167 1063 2209 excipit,
1129 2177 1204 2200 cum
1228 2172 1333 2200 aetate
1357 2166 1457 2210 ipsius
1479 2166 1565 2199 haud
1588 2167 1684 2200 dubie
1700 2166 1763 2199 iarn
1784 2178 1840 2200 ex-

452 2220 547 2254 ·loco
565 2225 675 2253 autem
688 2219 741 2253 vel
753 2230 781 2253 c.
798 2219 846 2260 16,
861 2229 875 2262 5
891 2221 1063 2264 ambiguus
1129 2220 1289 2253 stiterint?
1326 2220 1423 2254 Forte
1446 2221 1520 2265 quia
1543 2231 1619 2253 eum
1640 2221 1724 2254 haud
1750 2221 1841 2264 fugit,

452 2272 508 2309 efl'
531 2267 574 2309 οὗ
599 2280 632 2308 et
652 2273 692 2309 ἐν
707 2276 784 2318 (pro
799 2276 861 2308 καὶ
879 2275 947 2320 τῷ)
969 2270 1062 2320 ἁγίῳ
1130 2274 1363 2308 monachatum
1394 2274 1584 2308 recentioris
1608 2275 1722 2307 aetatis
1746 2275 1841 2307 esse?

452 2341 525 2362 mu
548 2328 691 2361 tradens.
1130 2328 1294 2367 Quaestio
1340 2328 1462 2362 facilius
1501 2329 1578 2372 poni
1617 2339 1714 2372 quam
1758 2328 1841 2361 solvi

461 2382 514 2417 Cf.
530 2382 608 2427 Cyr.
620 2382 750 2416 Hieros.
765 2382 836 2416 Cat.
848 2388 946 2427 myst.
959 2382 1001 2422 V,
1015 2391 1063 2425 19.
1130 2388 1250 2426 potest.

452 2452 456 2469 ι
488 2437 653 2480 Didymus
686 2436 738 2469 De
767 2437 909 2469 trinitate
938 2435 993 2476 111,
1026 2446 1061 2479 13
1176 2446 1225 2479 15.
1255 2437 1307 2469 De
1336 2437 1396 2469 ritu
1428 2436 1671 2469 communionis
1700 2435 1740 2469 cs.
1766 2436 1840 2469 Eus.

458 2491 609 2535 liturgiae
631 2490 743 2523 locum
761 2490 923 2534 respicere
939 2490 1065 2523 videtur
1130 2490 1169 2524 H.
1187 2490 1222 2523 E.
1247 2490 1300 2531 VI,
1317 2499 1370 2532 43,
1397 2491 1444 2524 18.
1466 2500 1519 2534 193
1544 2490 1621 2534 Cyr.
1645 2489 1717 2523 Cat.
1741 2496 1840 2534 myst.

453 2545 559 2578 hristo
593 2544 717 2584 dicens,
757 2544 844 2589 quod
884 2545 925 2577 sit
959 2540 978 2578 ὁ
1014 2540 1065 2583 εἷς
1130 2545 1171 2585 V,
1197 2554 1247 2578 21.
1285 2544 1423 2577 Saeculo
1441 2544 1470 2577 11
1493 2550 1577 2577 teste
1601 2544 1725 2577 Iustino
1743 2544 1840 2587 Apol.

452 2626 463 2641 ‚
504 2594 556 2638 εἰς
590 2596 715 2641 κύριος
745 2595 877 2641 Ἰησοῦς
910 2595 1067 2641 Χριστὸς
1132 2599 1157 2638 1,
1175 2598 1213 2641 65
1235 2599 1362 2631 diaconi
1386 2599 1485 2631 etiam
1510 2608 1630 2641 panem
1652 2598 1840 2631 eucharisti-

452 2651 537 2694 όξαν
566 2654 659 2688 θεοῦ
688 2649 836 2695 πατρός·
866 2649 961 2695 ἀμήν
989 2651 1064 2695 (PG
1130 2663 1205 2685 cum
1234 2652 1474 2685 distribuebant.
1520 2652 1639 2685 Postea
1672 2658 1780 2685 autern
1810 2653 1840 2685 id

452 2706 512 2750 51).
1132 2705 1292 2739 facultatis
1317 2706 1500 2739 restrictum
1524 2705 1593 2739 suit.
1632 2706 1698 2739 Iam
1724 2705 1840 2750 Cypri-

471 2761 506 2796 οὶ
535 2758 708 2804 α’σκηταί]
738 2760 802 2793 hoc
831 2759 908 2793 loco
936 2765 1063 2793 tantum
1130 2771 1210 2793 anus
1235 2760 1284 2793 De
1302 2759 1398 2803 lapsis
1415 2771 1444 2793 c.
1463 2769 1500 2802 ²5
1526 2760 1675 2793 similiter
1697 2770 1733 2793 ac
1751 2759 1839 2793 Con-

452 2820 664 2850 nemorantur.
690 2814 816 2852 Quales
828 2819 937 2847 autem
950 2814 1063 2847 fideles
1130 2814 1259 2848 stitutor
1275 2814 1360 2854 dicit,
1378 2814 1552 2847 diaconum
1569 2813 1704 2847 calicem
1723 2813 1841 2846 offerre

452 2881 458 2887 ·
474 2876 553 2903 ante
569 2868 688 2902 oculos
705 2868 827 2908 habuit,
848 2874 975 2901 ascetas
991 2878 1062 2901 sae·
1129 2868 1362 2912 praesentibus.
