2457 3436
871 385 1185 416 comm-nouus
1211 385 1490 416 Amsromnuu.
1874 372 1924 414 LI

452 481 678 522 inumerari
699 488 846 534 potest.
895 482 999 524 Cum
1029 483 1134 524 enim
1164 482 1304 536 ubique
1332 480 1414 523 fere
1442 495 1531 523 cum
1561 482 1617 522 eis
1636 482 1856 523 consentiat
1885 488 1924 523 et

453 557 615 587 anones
647 546 925 601 apostolorum
947 560 1027 588 non
1052 548 1229 601 protinus
1251 546 1610 588 Constitutionibus
1629 545 1824 600 adiungat,
1853 545 1921 587 sed

452 610 480 650 is
501 609 663 664 Legem
693 611 967 665 apostolorum
999 613 1224 654 canonicam
1257 611 1327 666 (cf.
1343 612 1422 653 vol.
1438 612 1473 653 ΙΙ
1501 626 1538 666 p.
1560 611 1791 665 150—153)
1817 625 1922 665 prae-

452 683 566 726 sonat,
596 677 683 718 iure
713 677 896 719 conicere
926 676 1027 728 licet,
1064 691 1155 719 eum
1194 677 1293 719 hanc
1321 677 1549 731 scripturam
1579 690 1661 718 non
1697 677 1807 731 operi
1842 678 1924 718 uni-

452 753 552 782 verso
580 741 642 783 vel
660 741 1034 793 Constitutionibus‚
1062 742 1131 784 sed
1148 742 1368 784 collectioni
1389 756 1586 784 canonum
1607 741 1760 784 debere.
1804 740 1924 783 Nolui

455 812 570 847 autem
599 821 689 848 enm
720 821 742 848 a
770 806 933 850 testibus
960 821 1148 861 separare,
1179 822 1267 849 cum
1297 807 1434 863 quibus
1463 807 1778 850 constitutiones
1798 806 1925 849 tradit.

552 871 705 914 Praeter
734 871 892 915 codices
921 874 1205 927 manuscriptos
1233 872 1282 915 ad
1310 880 1459 915 textum
1496 871 1779 915 restituendum
1810 873 1924 914 etiam

471 935 539 977 libri
561 937 734 992 impressi
773 937 903 993 plures
939 937 1106 979 subsidia
1143 937 1340 992 praebent.
1396 939 1570 979 Primum
1607 938 1739 980 locum
1776 937 1928 979 obtinet

481 1000 625 1044 collectio
651 1016 849 1044 canonum
878 1003 1036 1045 Ioannis
1056 1002 1282 1045 Scholastici
1303 1003 1554 1053 Antiocheni,
1583 1004 1695 1044 annis
1716 1005 1844 1056 565—-
1851 1015 1925 1057 577

488 1067 677 1120 patriarchae
692 1067 1136 1123 Constantinopolitani,
1164 1082 1281 1123 quam
1296 1068 1458 1110 Voellus
1479 1076 1518 1110 et
1536 1068 1714 1110 Iustellus
1733 1069 1771 1109 in
1788 1067 1927 1110 Biblio-

492 1131 571 1173 theca
597 1133 680 1174 iuris
717 1133 881 1175 canonis
927 1135 1022 1175 1661
1062 1147 1096 1187 p.
1126 1135 1340 1186 499—602
1375 1147 1397 1175 e
1432 1133 1568 1175 codice
1599 1133 1764 1187 Collegii
1795 1133 1928 1175 Claro-

453 1220 456 1227 ·
499 1199 626 1238 montani
662 1198 888 1239 Parisiensis
932 1197 1147 1240 ediderunt.
1218 1198 1404 1240 Canones
1447 1197 1716 1253 apostolorum
1760 1199 1930 1253 exceptis

502 1260 591 1311 uibus,
614 1262 753 1305 scilicet
783 1275 821 1314 2,
857 1276 916 1317 13,
947 1264 1011 1315 82,
1041 1278 1183 1306 omnes
1212 1265 1321 1317 operi
1351 1264 1484 1305 inserti
1513 1270 1615 1305 sunt.
1664 1264 1758 1305 Non
1788 1277 1929 1306 omnes

506 1325 612 1380 quidem
641 1335 815 1370 accurate
845 1343 868 1370 e
897 1328 1254 1371 Constitutionibus
1284 1328 1444 1370 derivati
1474 1336 1576 1370 sunt.
1633 1328 1927 1384 Nonnunquam

509 1404 568 1431 vero
583 1391 666 1434 hanc
684 1393 959 1435 collectionem
979 1393 1095 1436 verba
1108 1393 1449 1436 Constitutionum
1469 1392 1621 1435 fidelius
1639 1407 1793 1435 servare
1811 1408 1927 1449 quam

511 1462 609 1497 ceteras
630 1459 699 1499 iam
726 1459 892 1500 canonl
915 1458 1070 1513 probat;
1098 1458 1280 1513 particula
1309 1461 1463 1509 τοίνυν,
1492 1472 1609 1513 quam
1628 1458 1795 1500 Ioannes
1823 1460 1932 1514 isque

513 1519 576 1561 iuter
588 1522 796 1565 collectores
817 1537 1015 1565 canonum
1039 1537 1202 1578 graecos
1226 1523 1333 1566 solus
1361 1523 1412 1565 ibi
1427 1522 1597 1574 exhibet,
1625 1531 1728 1566 certe
1757 1523 1805 1566 ad
1825 1524 1933 1566 Con-

515 1585 673 1629 stitutiones
689 1587 892 1630 referenda
917 1596 989 1639 est,
1015 1588 1153 1644 quibus
1170 1589 1354 1630 Canones
1373 1588 1561 1643 adiungit,
1589 1602 1679 1630 cum
1708 1589 1748 1629 in
1769 1589 1932 1630 exordio

517 1650 662 1703 scriptume
687 1653 817 1695 locum
858 1661 1166 1696 consentaneum
1203 1667 1285 1695 non
1326 1653 1474 1695 habeat.
1532 1653 1726 1707 Scriptura
1764 1655 1794 1694 si
1825 1655 1934 1695 casti-

517 1715 598 1765 gatior
616 1717 717 1760 nobis
745 1719 948 1774 proposita
976 1726 1095 1770 esset,
1135 1719 1237 1761 haud
1266 1718 1381 1760 dubie
1416 1719 1532 1761 etiam
1562 1719 1721 1772 propius
1749 1718 1797 1760 ad
1826 1718 1933 1761 Con-

518 1779 672 1824 stitutiones
706 1782 925 1826 accederet.
990 1784 1092 1826 Pitra
1127 1785 1166 1825 in
1204 1785 1300 1826 Iuris
1345 1784 1480 1826 eccles.
1520 1784 1656 1825 Graec.
1698 1784 1857 1825 historia
1896 1791 1935 1826 et

518 1850 720 1891 monumentis
749 1849 778 1900 1,
814 1862 912 1902 14—
924 1851 969 1891 16
998 1849 1127 1903 plures
1155 1849 1345 1891 lectiones
1373 1848 1579 1903 publicavit
1607 1863 1628 1889 a
1646 1855 1754 1890 textu
1776 1849 1933 1902 vulgato

518 1905 673 1954 differentes
700 1920 738 1956 et
768 1928 860 1955 cum
889 1921 996 1955 textu
1016 1913 1355 1956 Constitutionum
1385 1915 1687 1955 consentientes.
1745 1913 1932 1968 Equidem

453 1979 456 2013 Ι
518 1973 619 2018 codices
641 1979 783 2034 aliquot
812 1980 1020 2033 inspiciens
1049 1978 1152 2022 idem
1182 1980 1325 2021 inveni.
1382 1980 1525 2020 Paucas
1560 1979 1747 2021 lectiones
1783 1980 1934 2028 notavi3

453 2056 455 2094 j
517 2035 546 2077 cf·
571 2054 630 2084 can.
660 2044 710 2085 8ο
746 2051 785 2086 et
823 2044 888 2096 85.
944 2044 1144 2094 Quamdiu
1186 2051 1314 2086 textus
1350 2058 1431 2085 non
1465 2044 1512 2085 ab
1548 2044 1731 2085 omnibus
1765 2043 1935 2099 partibus

517 2114 652 2150 correctus
679 2117 750 2159 est,
782 2108 997 2151 editionem
1028 2109 1130 2150 illam
1151 2108 1401 2151 adhibeamus
1430 2117 1599 2164 oportet.
1656 2109 1836 2163 Designo
1858 2109 1935 2151 col-

515 2163 660 2215 lectionem
687 2174 717 2216 1.

582 2239 764 2281 Accedunt
793 2239 1003 2281 Canonum
1033 2240 1234 2281 versiones
1263 2246 1426 2281 veteres.
1484 2239 1584 2289 Una,
1613 2239 1757 2280 scilicet
1777 2239 1938 2288 arabica,

516 2293 652 2357 hucusque
679 2305 840 2346 nonnisi
869 2304 974 2346 libris
995 2305 1264 2358 manuscriptis
1290 2304 1448 2357 cognita
1477 2312 1547 2346 est.
1604 2303 1788 2353 Quatuor
1806 2311 1936 2344 autem

483 2406 488 2413 .
514 2361 551 2402 Vel
569 2370 724 2425 quinque,
755 2384 846 2412 cum
876 2371 1046 2424 syriacae
1064 2369 1143 2411 duo
1164 2369 1394 2424 exemplaria
1416 2376 1581 2418 exstent,
1609 2369 1710 2423 typis
1735 2382 1939 2422 expressae

514 2437 579 2480 sunt,
598 2435 729 2477 scilicet

585 2510 609 2539 1.
633 2499 764 2542 Latina
788 2500 972 2554 Dionysii
992 2499 1129 2553 Exigui
1145 2498 1219 2554 (==·
1233 2499 1282 2549 L)
1297 2512 1469 2540 canones
1496 2498 1777 2553 quinquaginta
1792 2498 1941 2551 priores

513 2560 708 2615 ³mplectens‚
739 2565 893 2620 optime
914 2563 1015 2606 edita
1043 2565 1081 2605 in
1111 2563 1294 2605 fasciculo
1324 2565 1452 2618 primo
1470 2562 1663 2604 Ecclesiae
1691 2561 1942 2603 occidentalis

513 2633 809 2671 monumentorum
830 2629 922 2670 iuris
940 2629 1313 2684 antiquissimorum,
1341 2642 1458 2684 quem
1483 2628 1530 2670 C.
1546 2628 1596 2668 H.
1613 2627 1769 2668 Turner
1787 2641 1819 2667 a.
1842 2628 1941 2679 1899

512 2685 680 2745 Fufflcavit3
715 2694 779 2736 vel
808 2695 939 2748 potius
968 2694 1066 2736 duae
1093 2694 1277 2749 Dionysii
1306 2693 1657 2748 interpretationes,
1686 2705 1785 2746 quae
1813 2698 1942 2732 autem

511 2750 543 2791 ’ἃ
556 2757 684 2800 verbum
704 2758 787 2801 sere
808 2758 948 2814 ubique
967 2760 1220 2801 consentiunt
1227 2775 1239 2810 ;
1268 2758 1393 2800 modo
1414 2773 1471 2808 ea,
1490 2771 1605 2812 quam
1622 2756 1779 2798 Turner
1798 2757 1944 2810 primus

510 2814 537 2855 5¹¹
556 2817 655 2867 lucem
681 2823 880 2879 produxit,
910 2838 1081 2867 canones
1108 2837 1160 2878 49
1198 2831 1350 2866 tantum
1389 2829 1589 2872 numerat,
1627 2834 1799 2862 canones
1828 2822 1878 2860 26
1909 2827 1946 2861 et

510 2890 544 2933 27
564 2889 783 2931 recensionis
815 2888 986 2942 vulgatae
1015 2890 1055 2931 in
1085 2903 1207 2931 unum
1238 2888 1485 2930 contrahens.
