2457 3436
671 354 746 392 122
1202 359 1427 389 mmscama
1455 360 1631 389 numos.

667 460 752 500 eius
780 472 823 498 ac
853 456 1058 510 participes
1078 455 1313 509 aspersionis
1333 456 1534 508 sanguinis
1555 455 1699 497 Christi
1722 458 1860 507 sancti,
1893 458 1963 512 qui
1993 457 2147 499 fiducian

668 523 877 577 accipiunt,
913 528 954 562 ut
983 521 1113 562 Deum
1151 534 1265 561 suum
1295 520 1613 573 omnipotentem
1644 528 1794 575 patrem
1826 522 2045 576 appellent,
2080 537 2147 564 soc

672 586 895 629 hereditatis
915 592 954 627 et
973 585 1232 626 successionis
1252 583 1319 625 filii
1339 585 1420 625 eius
1441 585 1575 627 sancti.
1604 585 1748 627 Audite
1765 585 1994 628 doctrinam
2012 602 2147 629 sacrant

671 666 758 702 VOS,
788 651 853 705 qui
883 651 1079 704 accipietis
1108 650 1392 704 promissiones
1412 650 1496 690 eius
1516 650 1733 692 secundum
1763 651 1955 693 mandata
1974 652 2147 694 salvatori

626 727 649 758 5
673 717 810 758 nostri.
868 715 915 756 Et
944 715 1039 756 haec
1069 722 1127 756 est
1157 714 1332 756 doctrina
1360 713 1488 756 verbis
1518 716 1600 756 eius
1628 715 1813 769 gloriosis
1843 730 2042 758 consona.

784 793 820 833 9.
851 780 1065 829 Attendite,
1100 778 1167 820 filii
1196 780 1285 829 Dei,
1321 787 1363 821 ut
1392 780 1524 821 omnia
1554 779 1712 831 faciatis,
1747 795 1848 836 quae
1877 796 1957 823 vos
1985 783 2026 822 in
2056 782 2147 823 oboe

675 845 860 887 dientiam
881 845 957 886 Dei
986 843 1181 898 redigunt,
1210 851 1324 898 atque
1353 845 1392 885 in
1413 845 1524 885 omni
1553 859 1595 886 re
1623 845 1726 898 agite
1754 846 1861 887 iuxta
1882 845 2147 901 beneplacitur

673 911 750 951 Dei
779 910 908 951 vestri.
957 909 999 950 Si
1028 910 1113 964 quis
1142 910 1181 950 in
1211 916 1373 964 peccato
1404 908 1572 951 ambulat
1601 917 1640 951 et
1659 924 1703 951 ea
1723 909 1827 960 facit,
1857 925 1963 965 quae
1982 912 2147 953 voluntai

674 976 750 1016 Dei
779 974 994 1015 adversaria
1022 981 1125 1024 sunt,
1161 974 1263 1028 apud
1291 974 1422 1016 Deum
1457 982 1640 1029 tanquam
1669 975 1826 1028 gentilis
1855 976 1937 1030 legi
1966 976 2147 1018 adversan

611 1049 652 1080 ιο
673 1039 921 1093 reputabitur.
985 1052 1043 1080 10.
1074 1039 1277 1081 Abstinete
1311 1039 1357 1081 ab
1393 1040 1502 1081 omni
1538 1040 1721 1082 iniustitia
1757 1047 1845 1090 etc„
1879 1040 2027 1082 scilicet
2063 1056 2147 1096 usqu

675 1103 728 1145 ad
752 1103 868 1145 verba
897 1103 963 1145 ἵνα
992 1108 1113 1156 συνῇς
1142 1104 1185 1145 ἐν
1213 1108 1337 1146 πᾶσιν
1367 1104 1413 1146 C.
1444 1106 1490 1145 A.
1521 1105 1550 1154 1,
1579 1119 1616 1158 4.

1383 1313 1450 1358 11.

1078 1404 1340 1462 Capita
1373 1404 1755 1449 additicia.

1222 1531 1393 1585 Caput
1428 1530 1616 1572 XXIII.

1257 1615 1316 1654 De
1344 1614 1578 1664 episeopis.

610 1705 652 1738 15
789 1712 820 1739 1.
856 1698 1068 1752 Postquam
1104 1699 1337 1740 constitutus
1371 1705 1430 1740 est
1464 1699 1682 1752 episcopus,
1717 1707 1875 1741 maneat
1908 1707 1990 1741 tres
2020 1699 2147 1741 hebdo

608 1791 611 1794 -
675 1762 807 1804 mades
842 1763 1017 1804 ieiunans
1056 1777 1182 1817 neque
1216 1770 1345 1805 sumat
1377 1762 1586 1818 quidquam
1628 1777 1752 1817 usque
1792 1763 1840 1804 ad
1882 1763 1989 1805 diem
2023 1765 2147 1806 sabbat

673 1828 976 1882 uniuscuiusque
1014 1827 1283 1879 hebdomadis,
1326 1827 1482 1883 quando
1522 1842 1604 1869 non
1645 1835 1736 1869 sunt
1776 1828 1860 1870 dies
1900 1838 2147 1883 pentecostes

676 1905 712 1934 2.
741 1894 796 1935 Ita
825 1892 982 1946 impleat
1012 1893 1114 1934 hunc
1142 1907 1288 1934 annum
1319 1894 1493 1935 ieiunans
1520 1894 1644 1935 trinos
1671 1892 1812 1948 (dies),
1842 1894 1934 1948 quia
1963 1894 2003 1935 id
2031 1896 2147 1949 imag(

718 2001 838 2034 XXIII.
867 2001 940 2034 Hoc
969 2006 1065 2044 caput
1094 2000 1162 2034 fere
1185 2001 1225 2034 ad
1247 2001 1384 2035 verbum

674 2057 829 2100 repetitur
863 2055 968 2098 capite
1003 2055 1187 2088 XXXVIII.
1233 2055 1385 2089 Adhibeo

673 2110 714 2143 ad
738 2109 842 2153 capita
867 2109 1066 2152 designanda
1090 2119 1246 2143 numeros
1270 2120 1384 2143 recen-

673 2164 775 2196 sionis
798 2162 959 2206 vulgatae.

722 2227 748 2251 1.
784 2217 927 2250 Sabbato
962 2217 1105 2261 itemque
1140 2217 1192 2250 die
1222 2217 1384 2251 dominica

673 2272 828 2305 ieiunium
841 2271 1144 2314 interrumpebatur,
1155 2272 1228 2315 quia
1240 2271 1302 2305 illis
1314 2271 1382 2305 die-

673 2326 743 2367 bus,
757 2325 892 2359 sabbato
905 2325 1022 2358 saltem
1034 2324 1066 2358 in
1081 2324 1229 2367 Oriente,
1242 2326 1384 2360 ieiunare

673 2391 739 2413 non
763 2380 890 2415 licebat.
936 2380 1108 2413 Praeterea
1135 2380 1200 2413 hoc
1228 2380 1384 2413 ieiunium

673 2425 816 2466 exerceri
840 2444 908 2466 non
932 2434 1047 2477 potuit,
1071 2435 1097 2466 si
1114 2435 1287 2478 episcopus
1303 2444 1382 2468 con-

673 2487 864 2521 stituebatur
886 2493 1037 2532 tempore
1069 2494 1288 2532 pentecostes,
1318 2499 1383 2533 quo

672 2540 815 2574 ieiunare
838 2548 966 2575 vetusta
990 2543 1193 2576 consuetudo
1215 2543 1355 2576 vetabat.

716 2604 745 2628 2.
769 2595 916 2639 Explicat
941 2602 1054 2629 auctor
1068 2597 1132 2629 hoc
1148 2596 1305 2630 ieiunium
1322 2597 1382 2630 mi-

671 2658 744 2681 rum
768 2648 800 2681 in
825 2649 961 2682 modum
985 2650 1133 2694 singulos
1151 2651 1221 2683 dies
1236 2651 1383 2685 referens

673 2710 701 2734 1.
724 2701 766 2735 ad
782 2704 970 2746 passionem
988 2710 1019 2737 et
1036 2710 1178 2737 mortem
1201 2706 1381 2746 salvatoris,

671 2763 699 2788 2.
729 2756 769 2789 ad
793 2758 1077 2798 resurrectionem,
1114 2767 1141 2801 3.
1171 2759 1210 2792 ad
1238 2760 1382 2792 ascensi-

667 2819 779 2843 onem.

714 2872 807 2904 1—4.
830 2864 922 2897 Hanc
940 2865 1143 2910 disciplinam
1161 2867 1312 2912 Coptitas
1329 2877 1381 2901 se-

1451 2007 1545 2035 cutos
1568 2011 1641 2034 esse
1664 2006 1800 2034 testatur
1823 2000 2022 2035 Vanslebius
2052 2002 2084 2035 in
2108 2002 2147 2034 Hi

1450 2057 1550 2095 storia
1562 2055 1721 2089 ecclesiae
1729 2055 1971 2089 Alexandrinae
1992 2054 2075 2099 ¹⁶77
2086 2068 2116 2101 p.
2127 2065 2140 2098 3

1451 2120 1498 2152 sq.
1514 2110 1596 2143 haec
1613 2109 1776 2143 scribens:
1790 2109 1977 2154 Episcopus
1993 2116 2071 2154 post
2087 2121 2147 2144 con

1451 2164 1668 2198 sectationem
1691 2174 1786 2197 suam
1817 2163 1965 2198 ieiunare
1987 2164 2088 2198 debet
2110 2175 2147 2208 pe

1450 2224 1515 2251 tres
1539 2217 1772 2258 hebdomades,
1795 2217 1903 2251 donec
1927 2218 2045 2251 stellae
2068 2229 2147 2262 appa

1450 2277 1553 2312 reant,
1584 2272 1730 2315 exceptis
1758 2272 1900 2305 sabbatis
1925 2277 1960 2305 et
1982 2272 2147 2306 dominici:

1451 2332 1483 2360 et
1506 2327 1570 2360 hoc
1592 2332 1744 2369 tempore
1766 2326 1881 2370 elapso
1912 2335 1973 2370 per
2001 2328 2147 2371 integi-un

1449 2381 1554 2414 adhuc
1576 2390 1698 2413 annum
1721 2380 1753 2412 in
1770 2391 1853 2425 aqua
1869 2385 1903 2414 et
1918 2391 2006 2424 pane
2023 2382 2146 2415 ieiuuar

1449 2435 1550 2468 tribus
1572 2435 1606 2467 in
1627 2433 1834 2467 hebdomade
1859 2434 1985 2476 diebus,
2015 2436 2069 2480 qui
2092 2446 2147 2468 sun

1451 2488 1530 2522 feria
1559 2488 1711 2528 secunda,
1746 2495 1859 2533 quarta
1889 2494 1922 2522 et
1949 2495 2054 2531 sexta,
2086 2490 2147 2522 nihi

1449 2542 1512 2576 illis
1534 2542 1647 2576 diebus
1669 2542 1872 2576 manducans
1896 2543 1959 2576 uisi
1984 2542 2109 2577 fructus
2132 2553 2147 2576 e

1448 2596 1526 2638 mel,
1571 2602 1604 2630 et
1641 2595 1801 2640 reliquum
1839 2598 1927 2631 vitae
1962 2603 2095 2642 tempus
2131 2599 2147 2630 ii

1449 2656 1605 2695 perpetua
1626 2651 1821 2684 abstinentia
1849 2651 2034 2696 transigere
2056 2652 2147 2686 debet

1449 2704 1540 2738 Idem
1564 2709 1677 2738 auctor
1700 2710 1812 2738 autem
1834 2705 1857 2738 l.
1880 2716 1908 2739 c.
1932 2716 1966 2749 p.
1986 2715 2046 2749 ¹7²
2069 2706 2144 2739 dicit

1448 2759 1632 2802 Episcopus
1648 2764 1860 2793 consecratus
1877 2759 2001 2794 ieiunat
2016 2771 2074 2804 per
2088 2770 2145 2803 sep

1448 2819 1517 2846 tem
1541 2813 1620 2854 dies,
1645 2822 1687 2845 eo
1710 2818 1862 2857 tempore
1886 2824 2007 2848 omnes
2029 2814 2078 2848 sui
2101 2814 2144 2847 mi

1448 2867 1574 2901 nisterii
1594 2866 1782 2901 functiones
1805 2868 1947 2903 discens.
