2457 3436
768 383 930 412 aaron
958 383 1058 412 leu
1087 383 1155 412 vin
1183 383 1521 413 cous'rrru‘riouuu.
1811 371 1892 412 XV

507 491 544 531 3.
565 478 725 520 Tertius
744 478 855 520 locus
875 480 1105 520 constitutio
1126 478 1175 520 de
1193 478 1339 520 lectore
1361 486 1432 520 est.
1467 480 1511 520 In
1534 478 1892 521 Constitutionibus

398 543 500 593 VIII,
531 555 584 584 22
614 543 833 585 Matthaeus
861 543 966 595 dicit,
995 543 1129 585 lectori
1160 558 1228 598 per
1249 544 1475 598 episcopum
1498 558 1660 585 manum
1680 545 1890 599 imponen-

400 608 485 650 dam
525 622 626 659 esse‚
662 616 701 650 et
734 609 956 650 orationem
992 622 1107 662 super
1141 608 1362 650 ordinando
1400 609 1726 662 pronuntiandam
1763 609 1890 651 tradit.

398 672 597 729 Scriptura
617 673 733 716 altera
753 672 933 724 declarat,
951 672 1088 716 lectori
1109 688 1268 715 manum
1290 688 1372 715 non
1393 674 1674 729 imponendam
1695 688 1793 723 esse,
1813 674 1890 714 hoc

398 738 524 780 solum
547 738 751 781 exhibens:
772 737 1049 792 Ἀναγνώστης
1069 741 1315 781 καθίσταται
1329 739 1587 787 ἐπιδιδόντος
1601 738 1718 791 αὐτῷ
1732 742 1893 788 βιβλίον

398 807 472 845 τοῦ
499 803 749 845 ἐπισκόπου·
785 802 882 845 ου’δὲ
915 803 993 856 γὰρ
1025 808 1330 856 χειροθετετται.
1388 803 1499 854 Quas
1528 805 1829 845 constitutiones
1857 805 1891 844 si

400 869 614 910 accuratius
635 868 956 919 consideraveris,
986 868 1089 910 haud
1107 876 1146 910 te
1165 868 1300 923 fugiet,
1330 869 1646 911 Constitutiones
1665 868 1890 923 particulam

399 933 514 975 talem
533 933 701 984 tradere,
731 933 852 989 qualis
870 933 917 975 ab
937 941 1095 976 auctore
1116 934 1245 988 operis
1266 945 1415 975 exarata
1436 941 1507 984 est,
1534 933 1705 975 libellum
1726 933 1891 975 alterum

399 1012 491 1039 vero
520 1006 725 1041 mutatam.
770 999 815 1040 In
845 998 1201 1041 Constitutionibus
1230 1000 1357 1052 primo
1382 998 1587 1053 particulae
1618 1012 1766 1040 nomen
1797 1011 1891 1052 apo-

400 1063 488 1104 stoli
517 1063 844 1105 constitutionem
875 1063 1090 1105 emittentis
1119 1062 1332 1118 praefixum
1364 1071 1433 1115 est,
1463 1064 1502 1105 in
1531 1063 1714 1118 Epitome
1739 1077 1890 1104 nomen

402 1127 521 1179 deest,
550 1142 786 1183 quamquam
816 1129 1004 1183 scriptura
1032 1129 1114 1183 ipsa
1142 1142 1264 1183 aeque
1292 1142 1337 1170 ac
1358 1128 1674 1170 Constitutiones
1695 1128 1890 1170 eiusmodi

403 1201 469 1244 est,
498 1201 543 1235 ut
571 1207 721 1235 nomen
752 1192 1006 1235 desideretur.
1051 1193 1207 1235 Deinde
1236 1193 1460 1248 particulam
1482 1194 1683 1247 Epitomes
1713 1208 1801 1235 cum
1833 1207 1891 1235 re-

402 1257 510 1312 liquis
540 1257 716 1299 eiusdem
745 1257 860 1299 libelli
889 1258 1234 1300 constitutionibus
1253 1259 1442 1300 similibus
1464 1273 1696 1312 comparans
1719 1257 1892 1299 animad-

402 1330 540 1373 vertes,
565 1337 651 1364 eam
673 1323 799 1364 multo
819 1323 1040 1364 breviorem
1061 1337 1159 1374 esse,
1185 1337 1299 1378 quam
1320 1337 1419 1378 quae
1437 1324 1482 1365 ab
1503 1331 1662 1365 auctore
1681 1324 1891 1377 scripturae

402 1389 484 1443 ipso
514 1388 736 1443 composita
762 1387 881 1429 fuisse
905 1387 1101 1429 censenda
1129 1388 1188 1429 sit.
1236 1388 1376 1429 Tertio
1397 1388 1523 1430 forma
1543 1402 1702 1429 manum
1724 1388 1889 1430 alienam

402 1453 543 1507 prodit.
592 1453 695 1495 Cum
715 1453 898 1507 Epitome
916 1448 1015 1495 et‘in
1037 1461 1144 1507 parte
1164 1453 1411 1507 praecedenti
1441 1461 1479 1495 et
1509 1454 1549 1494 in
1578 1461 1684 1508 parte
1713 1454 1890 1507 sequenti

403 1518 565 1560 eandem
594 1518 763 1560 formam
794 1518 944 1568 habeat,
980 1519 1208 1560 constitutio
1243 1518 1292 1560 de
1320 1518 1467 1560 lectore
1501 1532 1659 1572 prorsus
1687 1517 1891 1570 singularis

401 1592 469 1626 est.
527 1583 684 1634 Quarto
713 1582 860 1625 locutio
891 1583 1116 1637 particulam
1152 1597 1234 1625 non
1264 1584 1433 1625 auctoris
1467 1584 1676 1637 scripturae
1712 1596 1797 1623 esse
1826 1581 1892 1623 de-

400 1655 604 1690 monstrat.
662 1648 765 1690 Cum
801 1647 950 1689 libellus
977 1647 1267 1690 ordinationem
1303 1648 1430 1690 clerici
1466 1648 1606 1703 ubique
1632 1650 1893 1700 χειροτονίαν

400 1715 581 1755 nominet
595 1727 640 1755 ac
655 1713 835 1755 distincte
854 1713 1000 1764 dicens,
1013 1715 1271 1766 χειροτονίαν
1286 1714 1444 1754 nonnisi
1461 1714 1648 1768 episcopo
1665 1719 1891 1766 competere

401 1779 454 1833 (c.
489 1778 575 1834 19),
611 1779 727 1820 etiam
763 1777 944 1829 declaret,
980 1778 1269 1820 ordinationem
1305 1779 1389 1820 non
1422 1778 1529 1820 aliter
1564 1793 1607 1820 ac
1632 1779 1895 1831 χειροτονίαν

399 1842 667 1899 appellandam
696 1857 795 1893 esse,
825 1857 898 1885 nec
927 1857 1022 1885 vero
1048 1846 1320 1896 χειροθεσίαν,
1356 1844 1538 1898 particula
1568 1843 1628 1884 illa
1657 1842 1890 1884 vocabulum

395 1913 651 1962 χειροθετετν
679 1908 727 1951 de
756 1908 1004 1950 ordinatione
1034 1916 1203 1964 usurpat.

506 1973 613 2015 Luce
641 1973 757 2026 igitur
785 1973 922 2014 clarius
950 1980 1022 2023 est,
1052 1974 1091 2014 in
1112 1973 1292 2027 Epitome
1314 1973 1635 2014 constitutionem
1667 1972 1714 2014 de
1743 1973 1894 2014 lectore

399 2053 480 2080 non
509 2039 702 2092 integram
734 2046 895 2089 exstare,
925 2038 996 2080 sed
1025 2038 1071 2079 ab
1099 2038 1229 2093 aliquo
1260 2046 1460 2080 mutatam.
1509 2038 1548 2079 Si
1578 2052 1672 2079 vero
1703 2038 1891 2080 constitu-

399 2105 550 2146 tionem
581 2117 603 2145 e
633 2103 761 2145 libello
790 2104 877 2158 ipso
906 2105 1213 2145 reconstruxeris
1241 2103 1373 2152 talem,
1402 2103 1523 2158 qualis
1544 2118 1565 2145 e
1586 2118 1704 2145 manu
1724 2104 1891 2145 auctoris

397 2169 612 2223 scripturae
640 2167 830 2222 prodiisse
861 2167 1064 2210 iudicanda
1083 2169 1144 2218 sit,
1175 2169 1497 2210 constitutionem
1520 2183 1605 2209 eam
1627 2169 1892 2223 consequeris,

398 2247 497 2288 quae
516 2233 558 2274 in
580 2233 939 2275 Constitutionibus
961 2233 1114 2287 legitur,
1143 2233 1289 2275 scilicet
1307 2233 1547 2275 Matthaeum
1571 2235 1891 2283 constituentem,

398 2299 537 2340 lectori
565 2312 727 2339 manum
757 2298 1040 2352 imponendam
1070 2312 1171 2348 esse,
1206 2306 1245 2340 et
1280 2300 1500 2340 orationem
1531 2298 1789 2339 ordinationis
1818 2306 1892 2340 tra-

398 2363 572 2405 dentem.
642 2362 878 2417 Scripturam
919 2361 981 2404 vel
1020 2361 1171 2404 fontem
1214 2363 1415 2417 Epitomes
1455 2376 1589 2403 revera
1629 2363 1890 2413 constituisse,

398 2428 589 2471 lectorem
624 2427 886 2469 ordinandum
921 2427 983 2469 vel
1017 2442 1177 2470 manum
1214 2429 1248 2469 ei
1283 2427 1566 2482 imponendam
1602 2442 1699 2477 esse,
1736 2428 1893 2480 insuper

398 2508 447 2534 ex
475 2492 552 2534 alio
580 2492 672 2535 loco
702 2492 839 2543 elucet,
870 2506 997 2548 eoque
1026 2493 1222 2547 probatur,
1252 2493 1358 2547 quod
1387 2494 1463 2533 iam
1488 2491 1799 2533 demonstratum
1821 2500 1892 2533 est.

398 2559 502 2600 Cum
539 2558 665 2613 capite
700 2558 838 2599 ultimo
875 2558 1016 2612 singuli
1045 2558 1135 2599 cleri
1165 2558 1322 2599 ordines
1351 2565 1626 2599 recenseantur
1653 2571 1697 2599 ac
1727 2557 1892 2598 lectores

396 2637 559 2679 quoque
574 2624 677 2664 inter
692 2636 762 2665 eos
778 2631 1072 2674 enumerentur,
1093 2623 1357 2676 colligendum
1375 2631 1445 2673 est,
1465 2630 1664 2664 auctorem
1683 2623 1892 2676 scripturae

395 2689 568 2731 lectores
597 2689 637 2729 in
666 2702 835 2730 numero
856 2688 1087 2730 clericorum
1119 2689 1275 2743 proprie
1304 2689 1498 2730 dictorum
1523 2688 1699 2729 habuisse
1719 2686 1780 2728 vel
1800 2701 1893 2728 eun-

396 2754 491 2796 dem
521 2753 654 2795 locum
685 2754 739 2795 eis
766 2754 1000 2804 attribuisse,
1030 2768 1146 2808 quem
1176 2754 1217 2794 in
1247 2752 1604 2795 Constitutionibus
1634 2753 1825 2794 obtinent.

508 2818 578 2860 Sin
607 2826 736 2860 autem
765 2818 858 2860 fons
886 2818 1089 2871 Epitomes
1116 2825 1265 2860 textum
1302 2818 1470 2860 eundem
1501 2818 1632 2859 habuit
1665 2832 1753 2859 cum
1785 2817 1894 2859 Con-

396 2883 678 2934 stitutionibus,
717 2885 886 2925 omnino
924 2897 1005 2925 non
1045 2890 1116 2934 est,
1154 2897 1221 2925 cur
1254 2883 1423 2925 libellum
1461 2897 1542 2925 non
1579 2897 1627 2924 ex
1661 2884 1737 2924 hoc
1773 2896 1894 2937 opere
