2457 3436
751 753 1161 812 TESTIMONIA
1199 754 1537 813 VETERUM.

1109 947 1170 994 A.

685 1033 1016 1080 DIDACHE
1048 1033 1528 1080 APOSTOLORU
1536 1035 1608 1080 M.

1128 1161 1153 1194 1.

731 1223 939 1274 EUSQBIUS
961 1223 1272 1259 CAESARIENSIS
1294 1226 1337 1269 [c.
1364 1226 1559 1269 313—323}

505 1300 558 1340 H.
578 1300 622 1341 E.
645 1299 710 1350 111,
732 1311 797 1352 25,
815 1314 858 1353 4:
890 1298 955 1342 Ἐν
982 1309 1071 1349 τοῖς
1097 1300 1245 1350 νόθοις
1272 1300 1572 1354 κατατετάχθαι
1599 1303 1667 1343 καὶ
1696 1307 1785 1343 τῶν
1813 1307 1890 1343 τοῦ

412 1364 569 1406 Παύλου
599 1363 797 1417 Πράξεων
824 1361 849 1418 ἡ
876 1364 1024 1419 γραφή,
1060 1361 1086 1407 ὅ
1117 1382 1161 1408 τε
1196 1365 1412 1419 λεγόμενος
1441 1366 1602 1420 Ποιμὴν
1634 1368 1701 1408 καὶ
1729 1363 1755 1420 ἡ
1777 1363 1890 1408 Ἀπο-

409 1429 576 1480 κᾰλυψις
596 1431 767 1482 Πέτρου,
796 1431 864 1471 καὶ
892 1429 997 1482 πρὸς
1019 1429 1184 1479 τούτοις
1203 1429 1228 1484 ἦ
1247 1432 1450 1485 φερομένη
1469 1430 1666 1484 Βαρνάβα
1694 1430 1889 1485 ἐπιστολὴ

407 1497 464 1534 καὶ
494 1498 583 1535 τῶν
612 1492 862 1536 ἀποστόλων
891 1494 931 1536 αἱ
958 1495 1172 1548 λεγόμεναι
1201 1497 1402 1549 Διδαχαὶ
1430 1500 1519 1537 κτλ.

508 1559 716 1603 Nicephorus
739 1559 866 1593 Callisti
888 1559 928 1593 H.
952 1560 988 1593 E.
1012 1560 1052 1601 11,
1075 1559 1118 1601 46
1140 1560 1271 1594 Eusebii
1294 1561 1392 1594 verba
1416 1561 1555 1605 repetiit.
1602 1560 1736 1594 Rufinus
1760 1561 1792 1593 in
1816 1570 1888 1593 ver-

405 1614 493 1646 sione
516 1613 681 1646 Historiae
703 1613 943 1648 ecclesiasticae
966 1614 1007 1648 de
1030 1615 1187 1648 Doctrina
1209 1615 1360 1659 loquitur,
1384 1625 1451 1648 non
1474 1615 1515 1648 de
1538 1615 1714 1648 Doctrinis.

1130 1723 1168 1756 11.

923 1786 1376 1821 PSEUDo-CYPRIANUS.

509 1861 573 1903 De
608 1861 839 1903 aleatoribus
872 1877 906 1904 c.
935 1876 974 1916 4,
1009 1862 1143 1904 Hartel
1170 1863 1235 1914 111,
1265 1865 1335 1915 96:
1370 1863 1417 1905 Et
1451 1863 1490 1903 in
1520 1862 1768 1904 Doctrinis
1802 1875 1894 1916 apo-

401 1926 616 1967 stolorum:
655 1926 712 1988 Si*
729 1928 814 1982 quis
849 1926 966 1969 frater
999 1927 1187 1982 delinquit
1221 1928 1260 1968 in
1296 1928 1456 1969 ecclesia
1491 1935 1528 1968 et
1558 1941 1639 1968 non
1670 1934 1777 1982 paret
1805 1926 1894 1980 legi,

404 1991 465 2032 hic
495 2006 570 2033 nec
600 1991 815 2045 colligatur,
845 1992 974 2034 donec
1003 1994 1278 2046 paenitentiam
1304 2000 1404 2046 agat,
1435 2004 1472 2034 et
1493 2006 1575 2033 non
1597 1992 1815 2046 recipiatur,
1844 2006 1894 2033 ne

404 2057 629 2110 inquinetur
657 2067 695 2097 et
723 2056 942 2111 inpediatur
971 2058 1097 2099 oratio
1126 2065 1264 2099 vestra.
1314 2056 1375 2099 Cf.
1407 2057 1581 2099 Didache
1616 2069 1676 2109 14,
1697 2069 1740 2108 23
1774 2069 1837 2108 15,
1861 2069 1894 2109 3.

1122 2176 1178 2210 111.

742 2240 1027 2275 ATHANAsms
1050 2240 1401 2275 ALEXANDRJNUS
1425 2242 1459 2284 [†
1485 2241 1571 2284 375]-

513 2315 634 2369 Epist.
670 2315 800 2370 pasch.
833 2329 881 2369 39
917 2330 1007 2357 ann.
1040 2319 1130 2370 367,
1164 2317 1302 2370 Migne
1330 2317 1399 2357 PG
1439 2319 1502 2367 26,
1538 2317 1657 2368 1438:
1692 2314 1797 2356 Ἐστὶ
1831 2317 1895 2355 καὶ

401 2380 523 2431 ἕτερα
550 2382 686 2430 βιβλία
715 2413 723 2421 .
755 2413 764 2422 .
794 2377 845 2422 οὐ
863 2380 1161 2434 κανονιζόμενα
1188 2384 1274 2434 μέν,
1303 2382 1570 2433 τετυπωμένα
1597 2382 1640 2421 δὲ
1668 2379 1780 2432 παρὰ
1810 2383 1898 2420 τῶν

402 2446 601 2497 πατέρων
635 2444 994 2499 ἀναγινώσκεσθαι
1027 2456 1114 2495 τοῖς
1148 2446 1240 2498 ἄρτι
1274 2446 1617 2499 προσερχομένας
1651 2447 1718 2486 καὶ
1752 2447 1899 2493 βουλο-

400 2512 544 2562 μένοις
572 2515 835 2564 κατηχεῑσθαι
863 2510 939 2552 τὸν
966 2517 1039 2565 τῆς
1064 2511 1265 2561 εὐσεβείας
1294 2510 1437 2564 λόγον·
1466 2513 1602 2561 Σοφία
1622 2513 1900 2562 Σολομῶντος

404 2577 476 2616 καὶ
505 2578 643 2625 Σοφία
670 2575 803 2628 Σιρὰχ
831 2578 899 2616 καὶ
928 2576 1076 2630 Εσθὴρ
1103 2579 1170 2617 καὶ
1192 2576 1339 2618 Ἰουόὶθ
1367 2578 1435 2617 καὶ
1459 2577 1611 2625 Τωβίας
1638 2577 1703 2616 καὶ
1725 2576 1809 2615 Διό
1816 2573 1900 2627 αχὴ

405 2641 639 2694 καλουμένη
667 2644 754 2681 τῶν
783 2638 1032 2682 ἀποστόλων
1060 2643 1128 2682 καὶ
1158 2639 1180 2682 ὁ
1210 2641 1384 2695 Ποιμήν.

518 2704 628 2737 Verba
650 2705 820 2739 Athanasii
843 2706 972 2749 repetiit
994 2706 1178 2739 Matthaeus
1201 2705 1363 2739 Blastares
1386 2706 1428 2748 [c.
1455 2705 1563 2748 1335],
1587 2705 1767 2749 Syntagma
1790 2703 1900 2747 alpha·

406 2760 554 2792 beticum
578 2758 637 2792 litt.
653 2756 690 2803 β’
714 2770 742 2793 c.
770 2770 819 2799 11,
843 2759 966 2804 Migne‚
989 2760 1048 2793 PG
1075 2769 1145 2802 144,
1167 2769 1262 2801 1142;
1287 2760 1408 2793 addens
1431 2765 1555 2793 autem:
1580 2755 1710 2802 ταύτην
1732 2754 1903 2800 (Διδαχὴν

406 2816 481 2846 τῶν
504 2809 622 2856 ἁγίων
642 2810 871 2857 ἀποστόλων)
899 2813 939 2849 δὲ
966 2816 1029 2848 καὶ
1058 2810 1078 2857 ἢ
1109 2812 1193 2857 ἕκτη
1223 2811 1374 2851 σύνοδος
1397 2811 1589 2857 ἠθέτησει·,
1615 2809 1664 2852 ὥς
1692 2809 1902 2854 δεδήλωται,

408 2867 583 2900 Didachen
606 2867 774 2901 confundit
797 2878 873 2901 cum
897 2867 1194 2902 Constitutionibus
1217 2869 1453 2912 apostolorum.

474 2922 598 2957 chx.
621 2922 751 2957 Dnusc.
775 2933 813 2956 εἰ·
836 2923 982 2957 cousm.
1004 2933 1056 2957 ΑΡ.
1100 2924 1140 2957 11.
1756 2925 1770 2953 l
