2457 3436
832 378 1097 408 Aroswomssnu
1126 379 1190 415 vn,
1218 381 1270 416 24,
1293 381 1411 417 2---25‚
1435 381 1464 412 3.
1815 370 1891 407 411

450 486 454 493 ·
482 473 718 515 dimittimus
744 474 966 516 debitoribus
993 475 1138 524 nostris,
1167 482 1201 515 et
1228 488 1274 515 ne
1302 488 1366 516 nos
1395 475 1550 515 inducas
1577 476 1614 515 in
1643 476 1893 524 tentationem,

450 538 455 573 ἵ
482 537 613 580 libera
641 553 707 580 nos
734 552 759 580 a
786 539 901 590 malo,
930 540 1017 595 quia
1046 546 1155 580 tuum
1187 546 1246 580 est
1274 553 1439 593 regnum
1462 546 1501 580 et
1520 540 1693 593 potentia
1714 546 1753 580 et
1771 539 1894 594 gloria

468 603 642 654 saecula,
687 617 815 645 amen.
873 616 909 645 2.
945 604 1029 645 Ter
1063 605 1101 645 in
1138 603 1199 645 die
1234 605 1290 645 sic
1325 611 1445 654 orate,
1482 611 1520 645 et
1555 611 1775 658 praeparate
1810 618 1894 655 vos,

475 668 564 710 sitis
606 668 716 723 digni
755 668 969 723 adoptione
1006 669 1135 724 patris,
1177 683 1240 718 ne,
1281 683 1369 710 cum
1413 683 1502 710 eum
1544 668 1704 722 indigne
1745 676 1892 723 patrem

450 732 653 787 pellabitis,
690 732 876 788 probrum
912 732 958 775 ab
997 748 1048 775 eo
1086 733 1272 784 referatis,
1315 734 1414 775 sicut
1451 740 1490 775 et
1529 733 1655 784 Israel,
1696 734 1761 788 qui
1799 734 1892 775 olim

450 804 480 839 tt
514 799 809 853 primogenitus
837 797 949 849 filius,
985 798 1146 840 audivit:
1185 798 1228 840 Si
1246 806 1359 853 pater
1387 812 1452 852 ego
1478 812 1575 847 sum,
1610 797 1676 839 ubi
1702 806 1753 839 est
1781 799 1896 840 honor

451 863 529 904 us?
583 863 633 904 Β
671 865 706 904 si
741 863 910 905 dominus
946 877 1043 913 sum,
1083 863 1149 904 ubi
1187 871 1237 904 est
1277 865 1388 904 timor
1426 864 1555 904 naeus?
1607 863 1749 904 Honor
1788 865 1893 905 enim

451 934 553 969 trum
586 935 648 969 at
667 929 849 970 sanctitas
868 928 1052 978 filiorum,
1081 936 1120 970 et
1141 929 1271 969 honor
1291 929 1475 970 herorum
1497 928 1731 969 famulorum
1754 936 1895 978 metus,

452 992 742 1035 emadmodum
770 994 915 1048 utique,
945 992 1052 1048 quod
1081 994 1319 1034 contrarium
1351 1000 1422 1043 est,
1451 992 1651 1047 despectio
1676 1000 1715 1034 et
1744 994 1894 1047 imperii

451 1057 568 1099 iectio
599 1065 797 1099 censetur:
829 1057 984 1112 Propter
1009 1071 1075 1099 vos
1103 1059 1221 1108 enim,
1250 1058 1388 1112 inquit,
1418 1071 1547 1098 nomen
1577 1071 1697 1098 meum
1727 1058 1895 1112 blasphe-

451 1129 529 1163 nur
556 1123 598 1163 in
621 1123 808 1176 gentibus.
862 1127 865 1129 ’

510 1187 645 1229 XXV.
689 1187 824 1229 Estote
859 1194 989 1228 autem
1026 1201 1182 1242 semper
1217 1187 1264 1228 ad
1299 1189 1440 1241 gratias
1468 1186 1638 1241 agendas
1667 1188 1818 1237 intenti,
1855 1195 1895 1228 ut

451 1251 536 1295 ides
565 1260 608 1293 et
633 1253 734 1306 grati
763 1254 882 1303 servi;
913 1260 950 1293 et
979 1251 1028 1293 de
1055 1253 1283 1294 eucharistia
1310 1251 1467 1307 quidem
1495 1253 1545 1293 ita
1571 1252 1704 1294 dicite:
1737 1264 1772 1293 2.
1801 1252 1895 1293 Gra-

452 1330 476 1358 ις
499 1318 655 1372 agimus
689 1316 771 1367 tibi,
808 1325 915 1371 pater
943 1324 1092 1367 noster,
1129 1331 1201 1372 pro
1230 1318 1319 1367 vita,
1356 1331 1471 1372 quam
1502 1317 1753 1359 manifestasti
1783 1317 1895 1358 nobis

452 1395 476 1423 rr
498 1381 629 1423 Iesum
659 1396 825 1436 puerum
855 1390 980 1432 tuum,
1014 1396 1082 1436 per
1110 1396 1228 1437 quem
1258 1389 1340 1423 tum
1370 1383 1505 1423 omnia
1534 1383 1669 1424 creasti
1698 1390 1782 1424 tum
1813 1383 1897 1422 uni-

452 1447 525 1488 πίε
558 1446 760 1503 provides,
803 1461 920 1502 quem
957 1454 995 1488 et
1029 1448 1180 1496 misisti,
1217 1454 1258 1488 ut
1291 1447 1339 1487 ad
1373 1447 1535 1489 salutem
1566 1454 1739 1489 nostram
1771 1447 1895 1488 homo

452 1520 537 1562 iren
578 1525 699 1567 quem
736 1513 852 1553 etiam
887 1512 1095 1566 permisisti
1124 1512 1202 1566 pati
1231 1520 1269 1553 et
1299 1512 1414 1561 mori,
1449 1526 1565 1566 quem
1597 1524 1635 1553 et
1664 1513 1896 1553 resuscitans

453 1575 624 1618 ntificare
652 1576 811 1618 voluisti
842 1584 880 1618 et
908 1576 1045 1618 sedere
1072 1577 1196 1618 fecisti
1225 1576 1273 1618 ad
1304 1576 1499 1618 dexteram
1530 1584 1650 1627 tuam,
1680 1590 1748 1631 per
1777 1590 1894 1630 quem

452 1642 686 1696 :promisisti
717 1640 833 1683 nobis
861 1642 1185 1683 resurrectionem
1217 1649 1477 1683 mortuorum.
1538 1655 1572 1694 3.
1610 1641 1688 1690 Tu,
1724 1641 1897 1682 Domine

452 1707 675 1761 mnipotens,
705 1706 816 1747 Deus
840 1715 1010 1756 aeterne,
1039 1706 1374 1761 quemadmodum
1402 1707 1478 1747 hoc
1498 1714 1579 1748 erat
1598 1706 1814 1761 dispersum
1845 1713 1896 1754 et,

452 1784 499 1812 m
518 1771 589 1813 fuit
608 1778 910 1825 congregatum,
930 1771 1052 1813 factus
1073 1779 1130 1813 est
1146 1785 1245 1812 unus
1260 1773 1382 1825 panis,
1403 1772 1453 1812 ita
1474 1785 1673 1825 congrega
1692 1771 1892 1812 ecclesiam

515 1905 535 1935 4
558 1901 639 1937 Dan.
663 1900 696 1941 6,
725 1910 775 1935 ιο.
803 1910 851 1943 13.
874 1920 917 1926 —
939 1904 959 1935 7
983 1901 1059 1934 Mal.
1086 1910 1112 1941 ι,
1134 1901 1163 1934 6.
1189 1920 1229 1926 -
1256 1905 1295 1935 10
1318 1902 1379 1934 les.
1408 1910 1457 1943 5².
1477 1911 1503 1943 5.
1529 1920 1568 1925 —
1595 1905 1633 1935 15
1656 1902 1731 1944 Sap.
1755 1901 1785 1941 6,
1802 1902 1832 1935 8.
1857 1919 1897 1926 -

453 1954 571 1999 {Sepla
598 1965 625 1998 3,
652 1965 703 1990 10.

519 2069 1867 2117 821111215.ae.7¹,eldea>a²5a⁸giwgd16c¹e>bdhlTiirt>h

469 2126 526 2171 γᾶρ
545 2133 586 2167 >
607 2129 629 2161 d
676 2132 715 2163 11
742 2130 854 2171 φησὶν
869 2133 913 2167 >
930 2139 950 2171 p
974 2140 993 2160 v
1014 2131 1018 2168 Ι
1037 2131 1170 2171 stiuam
1196 2128 1234 2162 τὸ
1258 2125 1371 2169 ὄνομά
1394 2140 1466 2170 μου
1490 2139 1507 2160 e
1533 2140 1551 2171 p
1577 2140 1595 2160 v
1643 2133 1683 2162 12
1708 2125 1755 2167 ὠς
1779 2130 1896 2161 πιστοὶ

453 2189 472 2214 >
486 2186 522 2222 εΙ
541 2185 579 2217 19
601 2180 686 2226 ἡμῖν
707 2186 754 2220 >
778 2182 800 2214 d
820 2192 823 2196 ·
843 2186 887 2216 20
908 2180 1166 2224 παντοκράτωρ
1191 2192 1209 2215 e
1228 2185 1232 2223 Ι
1253 2179 1376 2216 alaine
1406 2182 1470 2216 θεὲ·
1494 2182 1514 2214 d

477 2405 499 2431 ι
514 2401 580 2441 τρίς
592 2411 622 2433 τ.
639 2395 715 2443 '‘m-J
734 2399 967 2432 Theodoretus
984 2399 1041 2443 Ep.
1063 2407 1117 2441 145
1232 2408 1327 2439 2—4.
1341 2399 1546 2431 constitutor
1558 2400 1723 2431 orationes
1736 2397 1900 2430 Dida-:hes

454 2449 484 2484 11.
498 2451 617 2487 Schulze
633 2453 690 2494 IV,
713 2461 797 2495 1247
814 2452 938 2487 scribit:
956 2450 1019 2496 τὴν
1038 2449 1122 2496 ἡμέ-
1189 2453 1267 2485 duas
1291 2454 1323 2485 in
1347 2463 1445 2485 unam
1470 2451 1624 2485 conflavit
1640 2457 1736 2495 atque
1752 2451 1899 2484 ordinem

454 2514 497 2545 ΙΙΙ
520 2506 600 2542 κατὰ
640 2504 858 2551 τριημόριον
901 2509 1123 2550 διαιροῦντες
1189 2508 1422 2540 sententiarum
1443 2506 1590 2545 mutavit,
1604 2506 1709 2549 primo
1726 2505 1900 2547 gratiarum

455 2557 604 2603 ἦδῆζομεν
624 2560 689 2596 τὸν
710 2561 854 2603 πατέρα
877 2562 937 2594 καὶ
960 2558 1022 2594 τὸν
1046 2558 1123 2595 υἱὸν
1189 2562 1352 2594 actionem
1378 2570 1437 2603 pro
1461 2570 1554 2603 pane,
1579 2559 1695 2592 deinde
1719 2569 1778 2602 pro
1802 2558 1900 2591 calice

455 2614 494 2647 ἃ
507 2613 541 2649 τὸ
558 2610 658 2659 ῧγιον
678 2618 838 2657 πνεῦμα.
1191 2615 1413 2658 pronuntians.

1231 2678 1260 2701 2.
1284 2666 1328 2702 δι’
1352 2662 1395 2703 οὗ
1418 2686 1461 2692 -
1483 2668 1664 2711 προνοεῖς]
1687 2667 1810 2700 Eadem
1834 2666 1901 2700 fere

1188 2723 1340 2764 leguntur
1356 2722 1425 2761 Vll,
1446 2731 1494 2764 35,
1517 2732 1570 2761 103
1588 2722 1671 2761 vlu,
1692 2731 1718 2763 5,
1738 2730 1774 2761 23
1800 2730 1848 2759 12,
1867 2722 1902 2761 8;

480 2773 560 2811 XXV.
586 2777 805 2822 Εὲχαριστία
827 2774 980 2819 μυστικά
1004 2778 1122 2819 (μυστ.
1193 2776 1240 2816 16,
1265 2786 1293 2810 2.
1340 2776 1391 2809 Cf.
1422 2776 1561 2819 Ps.-Ign.
1593 2776 1712 2808 Philad.
1743 2785 1772 2818 9,
1804 2784 1831 2807 2.
1863 2794 1873 2797 ψ

455 2829 568 2873 >ἀν).
606 2832 797 2867 Gratiarum
819 2831 909 2865 actio
938 2842 1122 2865 sacramen·
1189 2828 1231 2864 ὃν
1265 2833 1324 2864 καὶ
1361 2828 1613 2873 συνεχώρησας
1647 2829 1734 2871 κτλ]
1776 2828 1826 2860 Cf.
1863 2827 1901 2867 11,

455 2881 509 2917 ffi.
1191 2894 1242 2924 24,
1262 2895 1288 2927 3.

482 2695 551 2733 2-3.
568 2692 759 2726 Anastasius
783 2690 926 2730 Quaest.
949 2691 972 2724 1.

1923 1068 1961 1098 10

1923 1391 1961 1421 15
