2457 3436
789 380 1111 410 cons'murtom-:s
1130 380 1409 416 stom-omnum,
1429 381 1481 409 vu
1500 383 1594 414 3—7.
1906 374 1954 411 19

452 479 615 528 ῑεαυτῷ.
671 488 710 529 3.
741 475 866 518 εἰπὸν
884 475 963 531 τὴν
981 479 1131 528 σοφίαν
1150 475 1227 531 σὴν
1246 472 1427 529 ἀδελφὴν
1446 474 1559 527 εἶναι,
1586 476 1666 530 τὴν
1685 478 1729 519 δὲ
1747 477 1954 532 φρόνησιν

452 542 657 595 ννωρίμην
685 543 953 595 περιποίησαι
971 546 1146 594 σεαυτῷ,
1173 540 1242 582 ἵνα
1269 552 1313 583 σε
1331 541 1486 595 τηρήσῃ
1506 537 1591 583 ἀπὸ
1609 542 1804 595 γυναικὸς
1831 538 1953 585 ἄλλο·

452 606 563 657 τρίας
596 608 671 647 καὶ
705 611 904 661 πονηρᾶς,
944 605 1016 648 ἐάν
1050 617 1094 647 σε
1127 605 1264 659 λόγοις
1302 615 1391 655 τοῖς
1422 605 1527 659 πρὸς
1562 605 1683 659 χάριν
1721 605 1951 661 ἐμβάληται.

453 682 492 721 4.
519 666 606 712 ἀπὸ
633 670 714 724 γὰρ
734 672 906 724 θυρίδος
932 672 1050 713 οἴκου
1069 667 1194 726 αὐτῆς
1222 671 1277 720 εἰς
1304 671 1378 720 τὰς
1395 673 1590 721 ,πλατείας
1611 671 1952 725 παρακύπτουσα,

459 731 506 774 ὃν
534 733 586 777 ἂν
613 736 680 788 ἴδῃ
707 740 798 777 τῶν
824 733 1024 789 ἀφρόνων
1051 737 1212 778 τέκνων
1239 738 1406 778 νεανίαν
1422 735 1542 789 ἐνδεῆ
1568 741 1736 789 φρενῶν
1763 751 1952 789 παραπο·
1997 745 2017 775 6

465 800 681 852 οευόμενον
712 800 759 841 ἐν
795 799 927 857 α’γορᾷ
958 801 1004 842 ἐν
1042 799 1197 850 διόδοις
1236 802 1354 843 οἴκου
1388 800 1516 854 αὐτῆς
1554 803 1622 843 καὶ
1661 805 1871 844 λαλοῦντα
1907 801 1953 844 ἐν

472 864 600 907 σκότει
631 864 846 918 ἓσπερινῷ,
883 863 1005 918 ἡνίκα
1036 863 1090 907 ἂν
1122 862 1148 919 ᾗ
1182 863 1324 921 ἡσυχία
1359 865 1576 920 νυκτερινὴ
1613 868 1680 908 καὶ
1720 865 1951 921 γνοφώδης,

484 940 514 980 5.
537 927 560 982 ἥ
584 931 625 971 δὲ
649 929 751 984 γυνὴ
769 935 953 987 συναντᾷ
970 926 1086 983 αὐτῷ
1113 928 1219 979 εἶδος
1246 929 1393 984 ἔχουσα
1411 930 1631 983 πορνικόν,
1658 928 1684 986 ἢ
1709 939 1823 973 ποιεῖ
1843 932 1951 972 νέων

486 993 701 1045 ἐξίπτασθαι
728 996 909 1048 καρδίας,
943 994 1256 1050 α’νεπτερωμένη
1283 997 1329 1038 δέ
1354 996 1440 1038 ἐστι
1468 998 1537 1037 καὶ
1566 994 1740 1046 ἄσωτος,
1773 995 1818 1037 ἐν
1848 996 1952 1049 οἴκῳ

491 1059 528 1100 ὁὶ
542 1058 602 1112 ⁰¹31
617 1057 879 1115 ἡσυχάζουσιν
899 1060 939 1102 οἱ
956 1059 1079 1110 πόδες
1096 1059 1243 1115 αὐτῆς·
1269 1060 1425 1113 χρόνον
1442 1060 1521 1115 γάρ
1540 1075 1634 1103 τινα
1651 1060 1732 1112 ἔξω
1750 1060 1949 1115 ῥέμβεται,
1976 1067 2019 1101 10

496 1123 614 1176 χρόνον
636 1126 679 1167 δὲ
706 1125 752 1167 ἐν
785 1128 998 1174 πλατείαις
1028 1125 1141 1179 παρὰ
1172 1131 1313 1167 πᾶσαν
1345 1128 1502 1179 γωνίαν
1530 1125 1741 1180 ἐνεδρεύει.
1799 1128 1837 1167 6.
1865 1123 1952 1168 εἶτα

502 1189 725 1244 ἐπιλαβομένη
768 1190 958 1245 ἐφίλησεν
999 1189 1144 1241 αὐτόν,
1187 1187 1347 1232 ἀναιδεῖ
1386 1193 1430 1233 δὲ
1471 1191 1689 1244 προσώπῳ
1729 1199 1954 1244 προσεῖπεν

505 1249 611 1296 αὖτόν·
646 1257 774 1297 Θυσία
801 1254 982 1310 εἰρηνική
1006 1270 1076 1309 μοι
1110 1255 1222 1297 ἔστιν
1249 1254 1437 1309 σήμερον,
1474 1252 1704 1309 ἀποδίδωμι
1731 1255 1806 1304 τὰς
1833 1251 1952 1308 εὐχάς

506 1332 573 1369 μου·
594 1318 718 1362 ἕνεκεν
736 1321 893 1362 τούτου
912 1321 1088 1376 ἐξῆλθον
1106 1321 1162 1369 είς
1187 1319 1435 1375 συνάντησίν
1462 1333 1551 1371 σου,
1579 1325 1777 1362 ποθοῦσα
1795 1319 1846 1361 τὰ
1875 1318 1952 1361 σὸν

508 1382 685 1435 πρόσωπον
702 1381 855 1440 εὕρηκά
881 1397 942 1427 σε’
970 1388 1128 1440 κηρίαις
1145 1386 1297 1428 τέτακα
1314 1385 1394 1440 τὴν
1411 1388 1556 1440 κλίνην
1574 1401 1667 1439 μου,
1697 1384 1949 1438 α’μφιτάποις
1974 1390 2013 1421 1⁵

510 1447 540 1487 ἃ
557 1447 713 1503 ἕστρωκα
734 1459 825 1500 τοῖς
841 1446 909 1492 ἀπ’
931 1450 1161 1504 Αἰγύπτου·
1190 1451 1406 1504 διέρραγκα
1433 1450 1512 1504 τὴν
1530 1453 1674 1505 κοίτην
1695 1466 1777 1503 μου
1795 1449 1949 1503 κρόκῳ,

511 1510 562 1553 τὸν
578 1514 611 1556 δὲ
635 1513 749 1557 οἶκόν
775 1531 857 1568 μου
875 1514 1144 1569 κινναμώμῳ·
1174 1516 1272 1558 ἐλθὲ
1299 1517 1369 1558 καὶ
1387 1512 1687 1569 ἀπολαύσωμεν
1705 1518 1844 1567 φιλίας
1869 1514 1950 1564 ἕως

515 1574 635 1631 ὄρθρου,
651 1582 770 1634 δεῦρο
790 1583 858 1623 καὶ
876 1582 1183 1635 ἐγκυλισθῶμεν
1198 1580 1364 1634 ἔρωτι“,
1389 1584 1457 1623 καὶ
1476 1580 1529 1622 τὰ
1546 1580 1650 1634 ἑξῆς,
1669 1578 1731 1628 οἷς
1749 1580 1948 1633 ἐπιφέρει·

515 1653 540 1692 7·
557 1639 849 1700 ,Ἄπεπλάνησεν
882 1647 926 1687 δὲ
958 1642 1092 1688 αὐτὸν
1122 1650 1256 1699 πολλῇ
1291 1644 1443 1701 ὁμιλίᾳ,
1476 1645 1642 1699 βρόχοις
1668 1660 1714 1687 τε
1746 1653 1834 1693 τοῖς
1863 1641 1947 1686 ἀπὸ

513 1708 627 1756 χειλέων
649 1710 862 1761 ἐξώκειλεν
888 1707 1034 1753 αὐτόν·
1063 1709 1087 1752 ὁ
1116 1712 1160 1752 δὲ
1178 1711 1516 1766 ἐπηκολούθησεν
1544 1707 1649 1763 αὐτῇ
1667 1711 1947 1761 κεπφωθείς“.
1971 1714 2017 1745 20

588 1828 702 1863 1Pr0v.
727 1840 757 1872 7,
782 1831 899 1870 4-18.
924 1849 963 1854 —
990 1834 1029 1864 19
1052 1830 1147 1863 Prov.
1172 1840 1202 1873 7,
1227 1839 1278 1864 21.
1302 1839 1354 1863 22.

588 1939 742 1972 Ισαυτῶι
766 1938 787 1971 h
808 1940 813 1980 ξ
842 1934 944 1972 εἶπον
965 1949 984 1971 a
1007 1939 1029 1971 h
1052 1950 1082 1979 V,
1107 1938 1185 1973 εἰπὲ
1208 1948 1229 1971 o
1256 1940 1260 1979 l
1286 1935 1353 1981 σὴν
1375 1943 1417 1977 >
1445 1949 1466 1971 o
1490 1939 1495 1980 Ι
1522 1942 1543 1972 2
1566 1934 1750 1982 γνώριμον
1771 1948 1790 1970 a
1815 1939 1821 1979 Ι
1848 1941 1867 1971 3
1890 1939 1952 1971 καί

518 1992 625 2031 'macic
641 1995 680 2030 >
704 2002 725 2025 ο
744 1995 749 2031 ζ
770 1997 846 2031 τοῖς
868 2003 877 2026 :
901 1995 961 2035 τῆς
984 1992 1071 2034 1114
1096 1994 1254 2036 θυρίδων
1271 1995 1359 2034 015
1377 1987 1420 2026 ὅν
1436 2003 1444 2025 :
1463 1985 1551 2025 ὦνο
1571 1994 1576 2034 Ι
1597 1990 1726 2034 ἐνδεῆε
1745 1990 1784 2026 ἐν
1799 1993 1889 2034 δεσῆ
1906 1995 1954 2033 οι

518 2039 697 2079 θοίιωυοῠ
722 2058 730 2080 :
753 2045 950 2080 ol'aewvah
974 2057 995 2091 p
1018 2058 1039 2078 v
1062 2043 1321 2086 LXXlatitoz'c
1343 2047 1429 2088 οΙ7
1453 2041 1576 2089 ᾖ>ο
1599 2057 1619 2089 p
1643 2058 1663 2079 v
1686 2045 1843 2088 LXX19
1867 2041 1952 2079 ἄνα·

520 2098 670 2143 πὲθθμένη
692 2102 738 2136 οἱ
766 2104 804 2135 11
829 2097 1010 2143 ἐνεδρεύει
1035 2104 1079 2140 >
1105 2111 1124 2144 p
1147 2112 1167 2132 v
1195 2101 1201 2142 Ι
1228 2104 1269 2134 12
1291 2097 1393 2135 εἶπεν
1416 2111 1437 2133 o
1462 2102 1468 2141 1
1496 2103 1535 2135 13
1558 2097 1668 2135 αὐτὸν
1690 2110 1709 2133 a
1730 2099 1754 2132 h
1777 2111 1785 2132 :
1809 2096 1908 2143 αύτῷ
1930 2109 1953 2132 o

520 2156 533 2186 Ρ
548 2159 561 2180 v
576 2149 643 2186 LXX
660 2155 666 2197 1
686 2158 726 2188 14
749 2152 856 2189 ἕνεκα
880 2166 898 2188 a
917 2156 924 2197 Ι
942 2157 1112 2189 ποθοῦσα
1136 2165 1153 2187 a
1177 2154 1199 2187 h
1215 2164 1237 2187 o
1252 2154 1278 2187 L
1294 2153 1386 2187 Lxx
1403 2166 1412 2188 z
1431 2157 1468 2195 -Ι-
1489 2154 1579 2189 ἰδετν
1594 2166 1614 2198 p
1631 2166 1651 2186 v
1666 2153 1688 2186 S
1708 2155 1714 2195 Ι
1736 2156 1775 2187 16
1791 2152 1924 2187 τέτακα
1943 2165 1950 2186 :

521 2200 643 2241 ῐὲῐᾶκᾶτὰ
665 2219 685 2242 o
704 2211 710 2249 Ι
727 2221 797 2250 μου
823 2212 859 2249 4
879 2205 1033 2248 ἅπιτίοις
1055 2219 1076 2241 o
1095 2209 1100 2251 Ι
1124 2212 1163 2243 16
1186 2208 1359 2252 όιέραγκα
1383 2209 1405 2241 h
1428 2220 1458 2249 v,
1483 2208 1628 2251 διέρανα
1651 2218 1684 2247 o,
1707 2204 1751 2241 δι’
1776 2203 1884 2251 ἔρανα
1908 2219 1928 2251 p
1948 2211 1954 2249 ξ

521 2252 612 2296 ῑθόκω
628 2272 644 2294 ο
662 2263 668 2304 l
688 2264 779 2306 17118
802 2261 871 2302 ἕως
894 2282 933 2288 -
957 2262 1234 2306 ἐγκυλισθῶιιεν
1255 2267 1299 2302 >
1324 2272 1346 2295 o
1367 2264 1372 2303 Ι
1393 2266 1432 2297 19
1455 2265 1567 2304 πολλῇ
1590 2273 1598 2295 :
1623 2261 1662 2296 ἐν
1684 2274 1720 2295 π.
1743 2262 1766 2294 h
1785 2264 1788 2295 Ι
1810 2273 1849 2296 τε
1876 2273 1883 2294 z
1909 2262 1948 2296 δὲ

522 2308 655 2355 11Ῑ-Ιῐοῖς
676 2328 683 2349 :
707 2320 777 2350 τῶν
798 2327 820 2350 o
841 2318 845 2357 Ι
865 2320 908 2351 20
929 2314 1019 2359 αύτῇ
1045 2319 1081 2356 -1-
1108 2312 1271 2359 ἐπαρθὴς
1293 2326 1314 2350 ο
1335 2317 1340 2358 Ι
1360 2318 1575 2358 κεφφωθεὶς
1597 2327 1619 2350 o

527 2435 544 2466 5.
559 2429 633 2472 8129
651 2436 680 2468 in
701 2437 812 2469 itinere
837 2461 844 2469 .
867 2462 876 2469 .
898 2435 1064 2469 deducens
1088 2447 1095 2468 ι
1119 2436 1233 2469 itinera
1257 2462 1264 2469 .
1289 2461 1297 2468 .
1320 2436 1512 2469 deducentia
1536 2435 1557 2468 S
1580 2434 1695 2475 LXX!
1717 2438 1756 2469 31
1783 2435 1948 2468 custodias

526 2490 574 2525 ²⁰8·
591 2486 685 2522 bonam
706 2502 714 2523 :
736 2495 770 2523 te
793 2490 953 2524 custodiat
977 2489 1149 2523 consilium
1173 2500 1283 2523 meum
1308 2489 1330 2522 S

545 2566 702 2578 Ὰ-Δ
755 2576 795 2580 -
1840 2575 1889 2578 ,—

528 2611 601 2651 giores
609 2616 835 2655 Proverbiorum
853 2627 961 2665 partes
976 2621 1017 2654 de
1034 2621 1170 2654 muliere
1281 2631 1310 2663 7.
1339 2621 1562 2664 κεπφωθείς]
1597 2620 1781 2665 Hesychius
1810 2620 1952 2662 κέπφοι»

527 2672 593 2704 prava
603 2679 715 2715 agentes
731 2685 851 2720 easque
867 2676 1013 2718 integras
1029 2675 1169 2709 exhibet.
1236 2674 1347 2708 definit
1377 2684 1450 2708 esse
1473 2675 1619 2718 speciem
1642 2675 1710 2707 avis
1734 2675 1879 2708 marinae
1902 2674 1949 2707 le·

528 2715 724 2762 constitutiones
753 2729 885 2763 easdem
916 2734 1023 2773 partes
1053 2729 1167 2763 decur-
1236 2730 1398 2770 vissimae,
1432 2739 1513 2773 quae
1537 2728 1630 2763 facile
1659 2739 1677 2761 a
1701 2729 1818 2772 quovis
1848 2733 1949 2762 vento

527 2774 583 2828 {²¹²³
599 2787 755 2824 proponunt
776 2790 808 2817 et
827 2783 926 2827 priori
945 2782 1043 2816 alium
1060 2782 1168 2816 locum
1235 2784 1475 2827 circumagitur,
1498 2784 1584 2816 unde
1602 2782 1706 2816 homo
1723 2781 1805 2815 levis
1822 2781 1949 2816 dicatur

528 2832 634 2866 ”mt-
657 2834 731 2870 Infra
744 2838 776 2870 in
792 2837 1011 2881 descriptione
1025 2836 1168 2870 mulieris
1235 2837 1382 2879 κέπφος.
1406 2837 1551 2870 Verbum
1568 2837 1781 2878 κεπφωθεὶς
1791 2836 1856 2869 hoc
1872 2835 1948 2869 loco

529 2874 685 2923 f⁰¹¹³⁸⁵imilis
696 2892 772 2925 ratio
783 2892 867 2925 inter
878 2891 978 2925 libros
991 2890 1170 2925 intercedit.
1236 2891 1395 2925 denotare
1418 2891 1559 2924 videtur:
1584 2889 1679 2924 facile
1703 2895 1829 2933 captus.

1779 2943 1821 2977 2*
