2457 3436
551 350 869 381 cousmmmxus
895 350 1162 380 Avosrononuu
1190 352 1240 386 w,
1269 353 1321 390 23,
1343 354 1439 384 4—5.
1664 341 1741 381 361

452 448 559 498 ’ίςειν
586 442 634 488 δι’
655 445 796 500 α’ργίας
815 444 1098 499 νομοθετήσας
1127 446 1193 488 διὰ
1209 447 1286 501 τὴν
1304 451 1393 506 τῶν
1412 445 1554 499 νόμων
1571 447 1749 502 μελέτηνι

452 509 458 521 ’
494 509 649 564 ἡμέραν
687 512 895 554 ἐκέλευσεν
929 508 1045 566 ἡμᾶς,
1083 510 1446 566 ἀναλογιζομένους
1484 514 1742 567 δημιουργίας

452 579 557 625 νοίας
600 575 745 628 νόμον,
784 575 1035 629 εὐχαριστεῖν
1067 581 1131 629 τῷ
1165 581 1266 629 θεῷ.
1331 591 1370 631 4.
1406 577 1484 631 τὴν
1519 576 1742 631 περιτομὴν

473 642 530 689 είς
565 640 716 683 ἑαυτὸν
749 641 986 695 πληρώσας·
1025 640 1150 690 αὐτὸς
1181 641 1259 694 γὰρ
1295 635 1346 694 ἦν
1382 637 1447 694 ,,ᾦ
1481 638 1685 692 ἀπέκειτο,
1717 639 1744 695 ἡ

452 722 478 747 α
498 712 589 748 τῶν
609 706 791 748 ἐθνῶν“.
834 703 857 748 ὁ
877 705 1062 759 εὐορκεῖν
1081 705 1365 765 νομοθετήσας
1383 709 1450 748 καὶ
1467 706 1518 748 τὸ
1536 706 1743 760 ἐπιορκεῖν

452 772 533 831 ἶ-σας
567 771 617 813 τὸ
649 769 768 825 νμηδ’
807 767 1008 823 ὀμνῦναι“
1039 771 1317 824 παρήγγειλεν.
1376 784 1412 824 5.
1441 772 1491 814 τὸ
1523 770 1742 824 βάπτισμα,

452 840 522 896 αν,
550 836 628 890 τὴν
655 836 895 890 ἱερωσύνην.
925 836 1004 889 τὴν
1031 836 1211 889 τοπικὴν
1238 838 1430 888 λατρείαν
1458 835 1607 888 ἑτέρως
1631 851 1744 888 μετε-

466 898 561 943 ἀντὶ
591 903 667 954 μὲν
700 905 1006 961 καθημερινοῦ-
1013 901 1057 942 ἓν
1023 900 1217 960 *μόνον
1245 901 1343 950 δοὺς
1375 901 1583 953 βάπτισμα
1610 900 1662 943 τὸ
1687 902 1745 950 εἰς

452 982 494 1008 m
527 967 732 1016 θάνατον,
771 966 866 1009 αντὶ
899 968 942 1008 δὲ
967 971 1070 1026 μ-ιᾶς
1105 970 1237 1020 φυλῆς
1272 963 1338 1025 άᾳῖ
1379 964 1552 1008 ἑκάστου
1591 966 1744 1015 ἔθνους

452 1049 484 1080 ις
502 1032 601 1081 τοὺς
620 1023 810 1085 ἀρίστους
837 1032 893 1079 είς
911 1031 1140 1085 ἱερωσύνην
1162 1033 1500 1090 προχειρίζεσθαι,
1529 1033 1597 1072 καὶ
1616 1027 1667 1072 οὐ
1691 1046 1743 1073 τα

452 1102 819 1150 ιωμοσκοπεῖσθαι,
848 1094 951 1137 ἀλλὰ
975 1098 1199 1150 θρησκείαν
1227 1098 1295 1137 καὶ
1321 1098 1451 1145 βίους·
1481 1093 1575 1138 ἀντὶ
1593 1098 1742 1146 θυσίας

452 1161 619 1213 εἱμάτων
613 1163 724 1221 ντὴν
752 1161 922 1214 λογικὴν
950 1163 1017 1203 καὶ
1045 1158 1300 1214 ἀναίμακτον
1328 1163 1396 1202 καὶ
1429 1161 1504 1214 τὴν
1530 1161 1744 1215 μυστικήν,

464 1226 543 1268 τὸν
576 1227 764 1268 θάνατον
797 1229 1052 1296 toQolov
1086 1227 1305 1279 συμβόλων
1337 1226 1458 1279 χάριν
1492 1228 1742 1277 ἐπιτελεῖται,

455 1356 484 1379 c.
506 1355 536 1385 2,
555 1355 606 1388 5¹·
630 1365 669 1369 —
693 1346 795 1379 Exod.
820 1355 873 1386 20,
892 1355 942 1380 10.
966 1364 1006 1371 -
1031 1349 1051 1380 4
1073 1345 1158 1379 Gen.
1180 1355 1234 1389 49,
1255 1355 1302 1380 xo.
1327 1364 1366 1370 —
1391 1350 1412 1380 ὁ
1434 1346 1533 1379 Deut.
1560 1355 1610 1386 xo,
1627 1356 1677 1380 20.
1701 1366 1741 1370 —

453 1409 490 1439 ;4.
524 1420 567 1426 -
602 1403 623 1434 8
646 1399 742 1433 Rom.
772 1399 803 1440 6,
830 1409 857 1443 3.
892 1418 931 1425 —
970 1403 1010 1434 10
1031 1399 1111 1433 Lev.
1141 1408 1192 1440 21,
1220 1409 1268 1442 ¹7·
1304 1418 1345 1424 —
1381 1403 1422 1433 12
1445 1400 1542 1433 Rom.
1575 1409 1624 1441 12,
1651 1409 1677 1434 1.
1704 1420 1742 1424 --

476 1454 617 1488 26—28.

453 1517 1742 1585 311'dominemdoyiavppl8195>au43bdehpf

457 1589 1745 1638 nostin,-i-b'iwcdepvissdofsc-i-tbe!913‹p’pv{lludvov

452 1645 1128 1692 τιὴ112τῆςετῆνά1τὴνρτ>ι

452 1741 518 1768 *eus
540 1747 549 1768 ε
574 1735 717 1768 salvator
739 1741 852 1768 noster
873 1734 897 1768 S

453 1845 481 1866 »x
496 1834 603 1865 diebus
619 1833 690 1875 etc.]
712 1832 866 1866 Similiter
889 1842 966 1876 syn-

455 1887 593 1927 reensis,
606 1897 688 1930 quae
701 1887 847 1930 praeside
854 1886 967 1920 Theo-

454 1942 601 1975 sareensi
641 1948 791 1984 tempore
825 1941 967 1974 Victoris

452 1996 582 2028 {omani
606 2005 642 2028 se
658 2001 893 2039 congregatam
918 1994 967 2028 fu-

452 2062 476 2090 r,
507 2050 599 2083 cuius
628 2055 699 2083 acta
726 2060 808 2083 vero
836 2049 968 2083 saeculo

453 2104 482 2137 11
515 2105 550 2137 in
585 2104 750 2137 Britannia
783 2103 860 2137 ficta
895 2114 968 2137 esse

452 2159 561 2191 tudien
595 2170 652 2200 zur
679 2158 968 2191 christlich-mittel-

452 2213 660 2255 C'hronologIe
670 2222 682 2245 1
689 2212 753 2245 880
759 2223 789 2255 p.
801 2221 890 2254 304—
898 2221 912 2254 3
920 2221 969 2251 10,

452 2267 502 2307 eit,
514 2267 604 2299 diem
620 2266 818 2299 dominicam
830 2267 968 2310 primam

452 2326 488 2355 nt.
544 2320 631 2354 Dicit
665 2321 768 2354 enim:
802 2319 969 2361 „Primum

452 2375 611 2409 nitendum
643 2381 704 2414 est,
737 2374 906 2419 quomodo
936 2374 969 2406 in

453 2429 574 2463 nundus
591 2428 686 2462 suerit
703 2428 817 2468 sactus,
841 2434 874 2461 et
895 2438 969 2461 cum

491 2483 682 2527 diligentius
726 2483 969 2526 investigatum,

452 2539 475 2571 it
500 2547 540 2571 ex
560 2547 601 2570 eo
623 2537 784 2581 paschalis
808 2537 970 2570 ordinatio

458 2592 644 2636 provenire.
695 2591 854 2624 Dixerunt
888 2601 969 2635 ergo

453 2656 534 2689 'uem
550 2647 637 2679 diem
654 2645 795 2689 primum
808 2645 970 2678 credimus

452 2711 472 2734 n
510 2699 658 2733 mundo?
701 2699 969 2743 Responderunt:

452 2768 468 2788 ι.
507 2753 714 2797 Theophilus
731 2754 906 2798 episcopus
922 2753 969 2785 di-

452 2809 527 2842 nodo
561 2814 670 2852 potest
704 2807 844 2851 probari,
884 2807 971 2851 quod

452 2863 579 2897 ninicus
598 2863 639 2895 sit
653 2862 722 2895 dies
745 2861 871 2895 sacius?
904 2861 967 2894 Re-

1034 1832 1235 1875 sponderunt
1247 1831 1409 1875 episcopi:
1425 1831 1553 1865 dicente
1572 1833 1744 1875 scriptura:

1033 1885 1073 1919 Et
1096 1885 1220 1919 sactum
1244 1892 1293 1918 est
1323 1895 1459 1929 vespere
1483 1891 1515 1919 et
1543 1885 1665 1919 sactum
1694 1893 1744 1920 est

1034 1950 1131 1973 mane
1165 1940 1289 1984 primus
1323 1939 1404 1972 dies.
1459 1939 1538 1973 Inde
1572 1940 1745 1981 secundus,

1032 1995 1156 2035 tertius,
1180 2000 1321 2037 quartus,
1339 1994 1478 2037 quintus,
1493 2000 1603 2027 sextus
1620 2000 1652 2028 et
1670 2004 1744 2037 sep-

1033 2049 1142 2088 timus,
1176 2049 1209 2081 in
1241 2057 1306 2091 quo
1336 2048 1494 2092 requievit
1524 2048 1564 2081 ab
1593 2049 1745 2083 omnibus

1034 2102 1186 2146 operibus
1209 2102 1286 2136 suis.
1328 2101 1440 2140 Quem
1462 2102 1550 2135 diem
1574 2103 1744 2136 sabbatum

1034 2156 1219 2200 appellavit.
1266 2155 1351 2189 Cum
1376 2166 1457 2200 ergo
1479 2156 1679 2189 novissimus
1703 2156 1744 2190 sit

1034 2210 1216 2249 sabbatum,
1239 2209 1310 2254 quis
1328 2215 1436 2254 potest
1452 2221 1526 2244 esse
1544 2211 1666 2255 primus
1684 2210 1746 2244 nisi

1009 2279 1012 2282 ·
1033 2264 1259 2297 dominicus“?
1304 2263 1355 2297 Cf.
1380 2263 1495 2304 Mnnsi,
1519 2264 1646 2298 Concil.
1670 2265 1744 2298 coll.

1034 2319 1057 2359 1,
1072 2328 1108 2361 71
1117 2328 1131 2361 3
1141 2330 1150 2359 ;
1166 2317 1324 2362 Lagarde,
1335 2318 1556 2361 Mittcilungen
1565 2319 1648 2361 lvo
1655 2319 1712 2362 891
1719 2320 1746 2361 )‚

1035 2372 1216 2414 274—282‚
1245 2372 1298 2405 ubi
1327 2377 1398 2405 acta
1427 2382 1531 2415 nuper
1553 2372 1661 2405 denuo
1684 2373 1746 2405 im-

1034 2436 1147 2470 pressa
1170 2432 1253 2459 sunt.

1082 2598 1108 2630 5.
1133 2586 1328 2632 συμβὸλων
1342 2586 1460 2631 χάριν]
1479 2588 1637 2621 Eusebius
1655 2588 1695 2622 H.
1709 2588 1745 2622 E.

1036 2643 1078 2682 X,
1112 2652 1139 2685 3,
1176 2653 1208 2685 3:
1240 2644 1420 2685 σωτηρίου
1453 2653 1492 2676 τε
1530 2637 1573 2685 ἢν
1605 2640 1748 2683 πάθους

1036 2694 1220 2740 ἀπόρρητα
1253 2694 1430 2740 σύμβολα.
1487 2697 1746 2742 Chrysostomus

1036 2751 1073 2783 In
1090 2751 1204 2785 Manh.
1222 2751 1273 2791 26,
1287 2752 1343 2785 28:
1361 2752 1396 2786 εί
1411 2749 1479 2795 γάρ
1494 2750 1544 2795 μὴ
1562 2749 1748 2786 ἀπέθανεν

1037 2803 1056 2839 ὁ
1079 2802 1220 2848 Ἰησοῖς,
1252 2807 1346 2845 τίνος
1369 2803 1534 2849 σύμβολα
1557 2806 1599 2840 τὰ
1624 2803 1747 2841 τελού-

1033 2872 1148 2902 aeva,-
