2457 3436
884 394 1112 423 FRAGMENTA
1141 393 1412 423 ANASTAsuNA.
1842 382 1893 422 67

517 489 606 532 Οὔκ
624 488 822 541 ἐπιτάξεις
839 493 902 543 τῷ
930 488 1068 543 δούλῳ
1087 501 1163 531 σου
1189 486 1215 544 ἢ
1242 493 1292 542 τῇ
1309 491 1501 542 παιδίσκῃ
1520 489 1565 530 ἐν
1583 490 1725 544 πικρίᾳ
1752 493 1894 543 ψυχῆς,

398 554 561 609 μήποτε
589 554 852 606 στενάξουσιν
879 555 948 596 ἐπὶ
966 557 1029 596 σοὶ
1055 557 1122 596 καὶ
1141 554 1255 596 ἔσται
1274 566 1339 596 σοι
1359 553 1458 608 όργὴ
1476 554 1589 607 παρὰ
1606 556 1766 607 κυρίου·
1795 554 1894 607 »Μὴ

401 622 518 673 δῷς“
542 619 632 673 γάρ,
661 622 794 674 φησίν,
822 619 983 670 ,,τόπον
1002 616 1219 673 ἀνθρώπῳ
1237 622 1496 672 καταρᾶσθαί
1514 631 1575 661 σε·
1604 620 1897 672 καταρωμένου

401 683 482 738 γάρ
521 697 565 726 σε
605 685 650 727 ἐν
682 687 825 741 πικρίᾳ
857 691 991 738 ψυχῆς
1025 681 1152 726 αὐτοῦ
1186 683 1464 727 εἰσακούσεται
1500 681 1628 726 αὐτοῦ
1665 682 1688 725 ὃ
1724 682 1895 738 ποιήσας

402 748 566 792 αύτόν“
595 749 649 805 (c.
681 750 764 804 13).
816 750 917 798 τοὺς
946 749 1149 802 ἀδελφοὺς
1176 751 1244 791 καὶ
1273 758 1473 803 συγγενεῖς
1501 762 1577 791 σου
1601 747 1657 803 μὴ
1685 746 1894 801 ὖπερίδῃς·

402 814 539 866 υΤοὺς
572 814 651 869 γὰρ
685 816 871 865 οἰκείους,
909 817 1046 869 φησίν,
1085 818 1161 856 τοῦ
1195 813 1425 867 σπέρματός
1459 825 1534 855 σου
1571 813 1646 867 οὐχ
1681 811 1898 866 ὖπερόψῃ“

405 879 462 935 (c.
496 879 580 934 15).
639 876 699 921 Οὐ
724 878 976 933 προσελεύσῃ
1010 880 1077 921 ἐπὶ
1104 879 1333 933 προσευχήν
1362 890 1438 921 σου
1474 879 1520 921 ἐν
1547 876 1671 934 ἡμέρᾳ
1699 880 1898 933 πονηρίας

404 956 494 996 σου,
526 946 626 998 πρὶν
660 941 712 986 ἂν
737 944 863 997 λύσῃς
889 944 966 998 τὴν
993 947 1161 998 πικρίαν
1190 958 1264 986 σου
1299 944 1354 998 (c.
1390 944 1473 998 17).
1531 943 1584 984 τὰ
1620 942 1898 996 συμβαίνοντοῖ

404 1021 471 1052 σοι
497 1009 617 1064 πάθη
644 1008 827 1063 εὐμενῶς
853 1010 972 1062 δέχου
999 1011 1068 1051 καὶ
1096 1008 1170 1058 τὰς
1184 1008 1436 1061 περιστάσεις
1465 1008 1646 1059 α’λύπως,
1675 1008 1804 1057 εἰδώς,
1833 1004 1898 1050 ὅτι

402 1074 556 1128 μισθός
584 1085 649 1116 σοι
684 1074 797 1127 παρὰ
823 1079 929 1117 θεοῦ
962 1074 1187 1127 δοθήσεται
1222 1072 1281 1123 ὡς
1314 1078 1376 1126 τῷ
1406 1071 1497 1124 Ἰὠβ
1530 1075 1599 1115 καὶ
1630 1079 1694 1126 τῷ
1722 1073 1897 1127 Λαζάρῳ

406 1139 463 1194 (c.
492 1140 531 1190 8,
550 1139 611 1194 7).
658 1139 735 1181 τὸν
762 1138 970 1182 λαλοῦντά
997 1151 1062 1181 σοι
1089 1139 1168 1181 τὸν
1195 1139 1324 1192 λόγον
1350 1143 1427 1181 τοῦ
1449 1143 1553 1181 θεοῦ
1580 1138 1774 1190 δοξάσεις,
1802 1153 1899 1192 μνη-

404 1203 541 1258 σθήσῃ
576 1205 620 1246 δὲ
653 1201 783 1246 αὐτοῦ
810 1202 962 1258 ἡμέρας
988 1207 1056 1246 καὶ
1083 1202 1245 1253 νυκτός,
1280 1204 1460 1257 τιμήσεις
1493 1205 1537 1245 δὲ
1570 1199 1702 1245 αὐτὸν
1736 1200 1793 1252 ὥς
1821 1208 1899 1245 τοῦ

404 1265 451 1311 εὖ
470 1268 574 1311 εἶναί
592 1280 657 1311 σοι
675 1270 877 1322 πρόξενον
895 1270 1133 1323 γενόμενον·
1154 1265 1262 1310 ὅπου
1280 1268 1357 1321 γὰρ
1375 1267 1401 1323 ἡ
1416 1270 1509 1321 περὶ
1522 1272 1627 1310 θεοῦ
1646 1270 1897 1317 διδασκαλία,

403 1334 491 1377 ἐκεῖ
515 1334 616 1383 θεὸς
643 1334 852 1388 πάρεστιν.
905 1335 1134 1389 ἐκζητήσεις
1160 1330 1258 1375 καθ’
1288 1331 1444 1388 ἡμέραν
1471 1333 1522 1375 τὸ
1552 1333 1782 1386 πρόσωπον
1810 1338 1899 1375 τῶν

404 1396 548 1453 ἁγίων,
587 1398 654 1441 ἵνα
687 1398 902 1452 ἀναπαύσῃ
938 1408 1025 1448 τοῖς
1057 1399 1197 1453 λόγοις
1231 1397 1387 1440 αὐτῶν.
1444 1396 1497 1440 ου’
1530 1398 1712 1451 ποιήσεις
1744 1397 1899 1451 ἔχθραν

401 1464 510 1518 πρὸς
536 1462 701 1513 αὐτούς,
730 1462 1007 1519 ἀναμνησθεὶς
1034 1464 1179 1506 Δαθάν
1208 1466 1273 1505 καὶ
1296 1462 1485 1516 Ἀβειρῶν
1515 1461 1571 1517 (c.
1603 1475 1639 1515 9.
1674 1475 1735 1514 10,
1769 1462 1824 1517 1).

516 1527 633 1584 Αὕτη
660 1530 770 1571 ἐστὶν
798 1526 823 1584 ἦ
850 1525 947 1578 ὁδὸς
973 1534 1046 1583 τῆς
1074 1533 1192 1582 ζωῆς.
1238 1527 1328 1583 ἡδὲ
1358 1525 1453 1575 ὁδός
1476 1533 1554 1569 τοῦ
1573 1527 1762 1569 θανάτου
1790 1528 1901 1568 ἐστὶν

403 1594 452 1635 ἐν
477 1592 646 1647 πράξεσι
662 1603 861 1648 πονηραῖς
879 1595 1162 1648 θεωρουμένη·
1192 1593 1238 1635 ὲν
1265 1592 1370 1645 αὐτῇ
1392 1593 1469 1646 γάρ
1488 1592 1600 1634 ἐστιν
1619 1591 1764 1646 ἄγνοια
1782 1595 1898 1642 θεοῦ,

405 1655 456 1700 δι’
485 1656 538 1713 ἣν
566 1661 752 1712 γίνονται
779 1658 915 1711 φόνοι,
944 1667 1131 1712 πορνεῖαι
1159 1659 1228 1700 καὶ
1255 1658 1307 1700 τὰ
1335 1657 1459 1700 λοιπά
1488 1656 1543 1712 (c.
1579 1670 1639 1710 17,
1668 1669 1692 1697 2
1700 1672 1711 1707 ;
1746 1657 1807 1706 18,
1842 1656 1898 1711 1).

514 1723 750 1768 Fragmentum
770 1724 1026 1768 descriptionem
1048 1724 1120 1757 viae
1143 1724 1230 1757 vitae
1252 1734 1316 1757 una
1332 1733 1406 1756 cum
1424 1722 1559 1756 exordio
1576 1721 1802 1766 descriptionis
1826 1721 1899 1754 viae

405 1778 524 1811 mortis
552 1778 758 1822 amplectitur
784 1778 838 1812 vel
867 1778 972 1822 capita
993 1778 1162 1811 I—XVIII
1184 1778 1256 1811 libri
1279 1776 1341 1810 VII
1370 1776 1662 1810 Constitutionum.
1707 1775 1899 1808 Anastasius

405 1837 519 1865 autem
541 1831 643 1865 multa
665 1832 787 1874 omisit,
808 1841 876 1866 non
898 1831 1006 1865 solum
1030 1832 1128 1865 verba
1152 1839 1184 1865 et
1208 1841 1331 1871 versus,
1355 1831 1413 1864 sed
1437 1831 1534 1864 etiam
1558 1830 1674 1873 capita,
1697 1828 1821 1862 scilicet
1842 1828 1899 1868 XI,

405 1885 477 1927 ΧΠ,
501 1885 591 1925 XIV,
615 1885 708 1926 xvh
736 1887 841 1930 capita
863 1886 911 1919 IX
935 1891 967 1919 et
990 1886 1020 1919 X
1045 1891 1077 1919 et
1105 1885 1256 1919 ultimum
1285 1895 1417 1919 versum
1448 1884 1562 1928 capitis
1586 1883 1662 1916 VIII
1686 1883 1784 1927 capiti
1807 1882 1901 1915 XVII

404 1939 610 1984 postposuit3
633 1951 735 1984 pauca
757 1940 894 1974 mutavit
916 1946 949 1974 et
971 1945 1037 1973 tres
1061 1942 1153 1974 locos
1176 1940 1209 1973 S.
1232 1939 1417 1984 Scripturae
1440 1937 1570 1979 addidit,
1594 1948 1639 1971 sc.
1664 1937 1742 1970 Lev.
1767 1945 1818 1976 20,
1846 1946 1901 1979 13;

404 1994 523 2028 Matth.
549 2003 600 2035 12,
626 2003 682 2037 37:
704 1994 817 2028 Sirach
840 2003 871 2036 4,
897 2003 926 2037 5.
949 1993 980 2028 6.

521 2062 582 2102 13.
624 2048 671 2090 C.
700 2050 748 2091 A.
778 2048 883 2100 VIII,
914 2060 951 2099 2,
986 2061 1101 2101 1—3.
1134 2061 1169 2100 5.
1211 2047 1374 2098 Quaest.
1403 2047 1484 2088 XX
1512 2061 1550 2101 p.
1581 2048 1673 2099 246.

513 2110 581 2156 Ἐκ
607 2118 695 2155 τῶν
722 2110 1012 2156 ἀποστολικιόν
1031 2112 1339 2166 Διαταγμάτων.
1389 2109 1493 2154 Οὔτε
1520 2115 1599 2159 πᾶς
1627 2108 1903 2164 προφητεύων

406 2177 522 2227 ὅσιος
551 2175 645 2220 οὔτε
672 2183 752 2227 πᾶς
772 2176 795 2220 ὁ
815 2180 1009 2231 δαίμονας
1037 2178 1250 2228 ἐκβάλλων
1270 2173 1395 2231 ἅγιος.
1443 2179 1511 2218 καὶ
1535 2176 1614 2229 γὰρ
1642 2178 1710 2217 καὶ
1729 2175 1903 2228 Βαλαὰμ

517 2268 538 2299 2
560 2265 621 2299 Sir.
644 2273 675 2306 4,
701 2274 730 2307 5.
752 2263 783 2298 6.
808 2283 849 2290 -
873 2268 893 2298 6
917 2264 978 2298 les.
1007 2265 1057 2306 58,
1081 2274 1111 2307 7.

519 2334 536 2364 1
561 2326 727 2373 ἐπιτάξης
742 2341 763 2374 p
778 2341 795 2362 r
813 2330 818 2371 1
837 2330 1009 2372 παιδίσκῃ
1032 2325 1156 2372 (δούλη
1173 2329 1210 2372 p)
1233 2339 1252 2361 a
1274 2339 1290 2361 r
1310 2328 1339 2361 C
1358 2339 1365 2361 :
1381 2332 1415 2367 4-
1435 2338 1502 2362 σου
1520 2327 1540 2359 b
1555 2326 1576 2359 d
1593 2326 1616 2359 h
1633 2337 1654 2370 p
1670 2337 1691 2359 v
1708 2325 1739 2359 G
1758 2326 1763 2368 Ι
1785 2329 1806 2359 2
1822 2337 1903 2360 στε-

406 2382 578 2426 νάξουσιν
600 2384 621 2417 d
643 2394 660 2417 r
681 2383 711 2417 C
733 2395 741 2417 t
765 2380 986 2424 στενάξωσιν
1007 2394 1026 2416 a
1044 2383 1103 2416 bh
1121 2394 1178 2427 pv
1196 2382 1227 2416 G
1247 2383 1253 2424 Ι
1272 2383 1331 2416 σοὶ
1353 2393 1392 2425 pr
1414 2393 1422 2414 ε
1446 2381 1488 2415 σὲ
1511 2380 1532 2414 d
1555 2381 1577 2413 h
1599 2391 1620 2412 v
1638 2380 1643 2423 Ι
1664 2377 1760 2422 παρὰ
1785 2383 1829 2419 >
1848 2380 1868 2412 b
1897 2380 1901 2422 Ι

406 2439 536 2482 κυρίου
560 2449 568 2471 :
593 2439 685 2473 θεοῦ
707 2437 739 2471 G
759 2439 764 2480 Ι
784 2441 803 2472 3
826 2435 888 2477 δὸς
909 2449 930 2482 p
954 2439 992 2479 r}
1018 2434 1131 2471 τόπον
1155 2448 1161 2469 :
1186 2443 1262 2480 post
1285 2432 1469 2480 ἀνθρώπῳ
1493 2434 1535 2474 G,
1559 2438 1603 2473 >
1628 2434 1649 2467 d
1670 2434 1693 2467 h
1720 2435 1724 2475 l
1745 2436 1802 2475 3l4
1826 2445 1868 2468 σε
1894 2446 1901 2466 :

406 2504 466 2527 σοι
490 2503 509 2526 a
528 2494 535 2534 Ι
554 2495 576 2526 4
598 2489 709 2527 αὐτοῦ
731 2501 789 2526 sec
812 2503 820 2525 :
843 2489 953 2527 αὐτὸν
969 2503 990 2524 v
1010 2492 1015 2534 Ι
1035 2494 1056 2526 5
1074 2487 1253 2532 ἀδελφοὺς
1270 2494 1306 2530 -f-
1322 2501 1389 2524 σου
1405 2488 1436 2522 G
1454 2488 1495 2522 cf.
1513 2488 1542 2521 C
1563 2490 1569 2530 Ι
1588 2499 1655 2522 σου
1670 2491 1714 2527 >
1730 2498 1752 2532 Ρ
1770 2488 1778 2531 Ι
1797 2491 1817 2522 6
1834 2485 1903 2531 γὰρ

406 2552 451 2586 >
468 2546 502 2580 G
521 2547 525 2589 Ι
546 2542 724 2589 ὖπερόψει
741 2557 761 2579 ν
783 2547 789 2588 Ι
807 2549 825 2580 7
843 2542 1101 2589 προσελεύσεις
1117 2544 1148 2578 G
1168 2545 1171 2586 Ι
1192 2542 1252 2578 ἐπὶ
1263 2544 1319 2586 (4
1334 2541 1397 2586 τὴν
1410 2542 1480 2585 dh)
1496 2555 1554 2586 πρ.
1572 2553 1578 2575 :
1597 2541 1636 2577 ἐν
1650 2544 1833 2585 προσευχῇ
1846 2541 1877 2575 G
1896 2543 1900 2584 Ι

405 2604 430 2635 8
451 2597 497 2635 ἂν
518 2603 550 2634 λ.
573 2612 595 2633 ν
618 2597 769 2643 (λύσεις)
793 2599 822 2633 C
844 2599 907 2633 G:
932 2596 1122 2638 ἀναλύσεις
1144 2598 1236 2632 abd
1257 2599 1278 2630 h
1301 2599 1414 2640 (-σης)
1438 2607 1459 2641 p
1482 2590 1900 2639 1198124-‹3bdhv1

409 2659 451 2690 10
474 2665 533 2689 σοι
551 2659 629 2699 post
647 2656 740 2689 θεοῦ
757 2665 776 2687 a
796 2655 802 2695 Ι
822 2656 900 2700 θεῷ
916 2664 936 2698 p
954 2653 985 2687 G
1005 2654 1009 2694 Ι
1031 2657 1069 2687 11
1088 2650 1151 2687 τὸν
1168 2662 1224 2685 sec
1239 2656 1284 2692 >
1302 2662 1321 2685 a
1337 2662 1357 2684 v
1375 2652 1381 2693 Ι
1403 2655 1444 2685 12
1466 2650 1505 2685 δὲ
1527 2655 1572 2690 >
1592 2650 1624 2684 G
1643 2649 1649 2694 Ι
1670 2647 1796 2689 νυκτὸς
1818 2661 1826 2683 t
1849 2650 1904 2682 hic

408 2708 518 2743 disinit
537 2720 559 2741 v
576 2707 634 2742 sol.
652 2707 692 2742 16
710 2708 791 2741 folio
808 2713 967 2752 sequente
985 2706 1153 2750 deperdito
1175 2710 1180 2747 1
1200 2703 1352 2749 τιμήσῃς
1366 2705 1389 2738 h
1401 2705 1433 2739 G
1450 2707 1455 2747 Ι
1477 2702 1518 2739 τὸ
1534 2716 1554 2748 p
1575 2705 1581 2748 Ι
1602 2708 1641 2739 13
1659 2698 1699 2739 εὖ
1719 2715 1726 2736 :
1748 2706 1840 2739 θεοῦ
1857 2714 1875 2737 a
1896 2704 1900 2746 Ι

408 2760 611 2807 γενόμενον
625 2766 669 2802 >
685 2762 717 2796 G
735 2763 742 2805 Ι
761 2763 845 2805 περὶ
872 2764 961 2796 θεοῦ
977 2765 1021 2800 >
1040 2762 1060 2794 b
1077 2761 1097 2793 d
1120 2760 1142 2794 h
1162 2760 1167 2804 Ι
1190 2763 1231 2794 14
1254 2755 1274 2793 ὃ
1298 2757 1387 2799 θεὸς
1409 2770 1428 2803 p
1449 2760 1454 2800 1
1475 2755 1684 2802 ἐκζητήσεις
1703 2761 1740 2799 4—
1761 2755 1830 2802 γὰρ
1848 2757 1879 2791 G
1897 2758 1902 2800 1

411 2821 450 2852 15
472 2813 665 2859 ἀναπαύσῃ
688 2828 696 2849 :
720 2812 884 2860 α’ναπαύη
908 2817 928 2849 b
944 2815 965 2848 d
982 2815 1004 2848 h
1020 2826 1051 2859 p,
1070 2818 1107 2857 -1-
1126 2813 1166 2849 ἐν
1183 2814 1214 2848 G
1233 2815 1238 2856 Ι
1259 2811 1343 2852 τοὺς
1357 2810 1487 2856 λόγους
1501 2812 1523 2846 h
1544 2813 1549 2854 Ι
1571 2815 1664 2852 15116
1683 2808 1726 2847 ου’
1742 2808 1906 2855 -Ἄβει-

408 2869 483 2915 ρῶν
504 2876 551 2912 >
574 2871 595 2904 b
616 2871 622 2914 1
642 2874 682 2905 16
701 2867 849 2914 Ἀβιρῶν
871 2881 895 2911 r,
916 2867 1073 2913 Ἁβηρών
1094 2880 1113 2902 a
1135 2868 1167 2902 G
1188 2870 1195 2910 Ι
1215 2870 1255 2903 18
1277 2872 1450 2911 πονηραῖς
1472 2863 1625 2911 πράξεσι
1649 2866 1673 2899 h
1695 2866 1726 2900 G
1746 2868 1752 2908 Ι
1769 2869 1810 2901 21
1831 2868 1906 2900 δια-

407 2929 530 2971 ταγιῦν
552 2937 585 2970 p,
607 2921 808 2966 διατάξεων
829 2925 849 2957 b
872 2924 893 2957 d
916 2934 935 2957 e
958 2922 977 2957 f
993 2934 1009 2956 r
1028 2924 1034 2966 Ι
1052 2927 1095 2957 22
1118 2924 1181 2957 καὶ
1204 2932 1259 2956 sec
1280 2926 1325 2961 >
1351 2921 1370 2954 b
1394 2920 1425 2954 G

1733 2963 1774 2997 ὃ*

1923 1082 1965 1113 10

1925 1407 1964 1438 15

1924 2054 1968 2085 20
