2457 3436
586 389 901 420 eonem-orionus
928 390 1195 420 arom-omnum
1223 392 1274 427 v1,
1300 393 1354 430 27,
1377 393 1471 425 6—7.
1697 383 1777 423 373

453 489 706 539 ;θοεργοῦντι
732 487 807 539 μὲν
833 488 1056 539 παραμένει
1083 486 1135 528 τὸ
1165 490 1320 541 πνεῦμα
1346 487 1397 530 τὸ
1429 483 1560 541 ἅγιον,
1587 492 1776 544 πληροῦν

452 553 590 602 τοφίας
607 552 676 592 καὶ
695 551 909 600 συνέσεως,
936 553 1007 593 καὶ
1023 551 1076 593 τὸ
1093 551 1280 606 πονηρὰν
1297 557 1457 606 πνεῦμα
1485 551 1564 595 ov'x
1585 554 1633 609 ἐᾷ
1660 550 1775 607 αὐτῷ

452 627 514 666 ναι,
542 616 765 675 ὲκιξῃροῦν
797 612 928 658 αὐτοῦ
954 616 1029 664 τὰς
1056 616 1243 668 ἐφόδους.
1300 619 1337 659 6.
1367 617 1417 658 σὺ
1448 611 1535 668 οὖν,
1572 615 1608 659 03
1640 619 1774 672 γύναι,

456 682 593 733 λέγεις,
622 682 658 722 εἰ
676 680 722 722 ἐν
739 690 829 730 ταῖς
856 678 1020 735 ἡμέραις
1048 685 1120 735 τῆς
1138 678 1316 734 ἁφέδρου
1343 681 1441 741 κενὴ
1470 680 1679 735 τυγχάνεις
1696 688 1773 725 τοῦ

452 743 671 799 νεύματος,
698 750 775 787 τοῦ
793 744 1038 798 ἀκαθάρτου
1064 745 1344 800 πεπλήρωσαι.
1389 746 1443 800 μὴ
1471 748 1773 807 προσευχομένῃ

452 811 488 852 δὲ
521 808 861 863 α’ναγινῶσκουσα
895 810 1051 852 ἄκοντα
1084 810 1216 853 αὐτὸν
1246 813 1523 864 προσκαλὲσῃ·
1557 816 1667 863 φιλεῖ
1695 812 1775 865 γὰρ

452 874 540 924 τοὺς
572 872 828 928 ἀχαρίστους,
862 877 898 918 εἰ
925 880 994 918 καί
1020 892 1083 926 τις
1110 874 1245 926 ἄλλος,
1282 877 1382 924 τοὺς
1417 875 1643 929 ῥαθύμους,
1676 877 1775 926 τοὺς

481 939 582 989 τοὺς
614 938 829 992 ὑπνώδεις,
863 941 1000 993 ἐπειδὴ
1038 943 1107 983 καὶ
1141 940 1269 990 αὐτὸς
1302 939 1511 996 ἀχαριστίᾳ
1547 932 1774 984 κακόνοιοῖι

452 1022 458 1048 t
474 1005 696 1065 ἐγυμνώῃ
713 1005 826 1058 παρὰ
841 1011 946 1048 θεοῦ
965 1011 1038 1060 τῆς
1058 1005 1183 1058 ἀξίας,
1203 1005 1298 1048 ἀντὶ
1317 1005 1564 1060 ἀρχαγγέλου
1583 1006 1773 1066 διάβολος

455 1085 548 1119 enoc
566 1068 683 1112 εἶναι.
731 1084 768 1124 7.
798 1071 863 1113 διὸ
882 1075 969 1113 τῶν
988 1073 1175 1124 ματαίων
1194 1070 1376 1123 α’κόσχου
1395 1072 1547 1123 λόγων,
1578 1068 1614 1113 οὗ
1638 1071 1770 1131 γύναι,

481 1138 711 1190 μεμνημένη
743 1134 924 1179 πάντοτε
958 1140 1064 1178 θεοῦ
1101 1142 1180 1178 τοῦ
1213 1149 1258 1178 σε
1296 1136 1667 1195 δῃμιουργήσαντος
1703 1139 1772 1178 καὶ

452 1215 510 1251 ζου
526 1201 679 1254 τούτῳ,
706 1202 817 1243 ἐστὶν
834 1201 913 1255 γὰρ
932 1207 1009 1244 σοῦ
1027 1204 1095 1244 καὶ
1114 1206 1200 1243 τῶν
1221 1199 1333 1243 ὅλων
1352 1201 1510 1254 κύριος·
1540 1204 1609 1243 καὶ
1625 1204 1771 1254 μελέτα

452 1264 535 1307 ito&
553 1265 720 1318 νόμους.
747 1268 882 1321 μηθὲν
899 1268 1252 1321 παρατηρουμένη,
1280 1267 1335 1319 μὴ
1354 1265 1561 1317 κάθαρσιν
1579 1267 1768 1320 φυσικήν,

452 1346 468 1368 ν
494 1330 685 1383 νόμιμον,
711 1332 766 1385 μὴ
794 1332 969 1375 τοκετὸν
996 1331 1023 1385 ἢ
1051 1331 1277 1384 ἀποβολήν,
1310 1332 1364 1385 μὴ
1392 1337 1538 1386 μῶμον
1566 1332 1769 1385 σώματος,

469 1396 522 1437 τὰ
539 1401 714 1438 τοιαῦτα
733 1397 1054 1451 παρατηρήματα
1072 1402 1228 1451 μωρῶν
1253 1394 1497 1449 ἀνθρώπων
1519 1397 1770 1449 ἐφευρέματα

452 1504 579 1538 Eccles.
607 1513 655 1544 12,
683 1514 710 1538 ι.
733 1524 772 1528 -
800 1508 839 1539 13
863 1505 961 1539 Num.
990 1516 1038 1549 19.

452 1588 564 1627 ῐαῦτὸ
579 1592 601 1624 d
619 1592 626 1634 Ι
644 1595 664 1626 3
676 1589 775 1627 αὑτῶ
789 1592 866 1636 1114
880 1590 1007 1632 καθώς
1021 1593 1192 1637 Mrem>
1205 1604 1226 1638 p
1239 1605 1259 1626 v
1279 1596 1283 1634 Ι
1304 1598 1380 1632 ταῖς
1400 1588 1547 1635 ἡμέραις
1562 1604 1569 1625 :
1587 1596 1638 1626 τῶ
1654 1595 1770 1635 καιριῦ

452 1648 496 1679 «Ba
519 1642 721 1688 α’καθάρτω
744 1647 766 1679 h
786 1649 791 1688 Ι
817 1649 838 1681 6
860 1645 950 1690 μήτε
973 1647 996 1679 d
1017 1658 1037 1681 e
1059 1659 1080 1691 p
1105 1659 1125 1681 v
1143 1650 1150 1690 Ι
1169 1644 1304 1682 ἄκοντα
1328 1647 1359 1680 G
1382 1659 1390 1680 ε
1414 1646 1534 1681 conicit
1556 1643 1693 1680 ἀπόντα
1717 1646 1769 1679 vel

452 1699 538 1733 intel.
560 1701 566 1742 Ι
584 1697 673 1735 αὐτὸ
696 1701 719 1733 h
739 1703 743 1742 Ι
763 1704 784 1735 8
806 1703 1000 1741 κακονοίας
1022 1701 1043 1734 d
1064 1713 1086 1746 p
1106 1704 1112 1744 Ι
1133 1705 1175 1736 10
1195 1699 1471 1744 αὶρετισάμενος
1493 1705 1526 1733 2⁹
1545 1703 1550 1742 Ι
1570 1699 1625 1734 διὸ
1651 1703 1688 1741 -Ι-
1708 1700 1771 1733 καὶ

453 1755 557 1795 vlu
583 1752 701 1789 ἔσωδ
725 1757 920 1797 εΙθεοῦα
944 1756 1521 1799 ὴ,τιῦθεῶδ;>ἀερνΙ13
1543 1754 1767 1798 ,uqdisvbhl

452 1820 485 1842 tv
505 1808 537 1850 b,
560 1805 793 1851 ἀκαθαρσίαν
815 1810 835 1842 d
854 1812 860 1851 Ι
882 1812 922 1844 14
947 1807 967 1853 ἢ
991 1808 1100 1853 α’ποβ.
1125 1822 1133 1843 :
1157 1807 1364 1854 ἀπόβλητον
1387 1810 1406 1842 b
1429 1809 1449 1842 d
1473 1819 1491 1842 e

452 1906 459 1928 ι
481 1895 504 1928 S
529 1898 536 1936 Ι
559 1898 601 1930 23
625 1895 819 1929 abstinentia
843 1908 850 1929 :
874 1897 1062 1930 observatio
1084 1896 1107 1930 S
1137 1899 1142 1939 Ι
1173 1899 1273 1939 27128
1296 1907 1425 1930 cursum
1449 1906 1474 1929 s.
1499 1907 1529 1940 p.
1553 1922 1561 1928 .
1586 1921 1594 1929 .
1619 1895 1768 1939 adproxi-

463 1948 552 1983 ωδ

452 2038 612 2069 roximans
647 2037 776 2069 mulieri
808 2037 991 2081 baptizetur]

467 2089 592 2123 Contra
621 2090 741 2133 Apion.
770 2090 810 2130 11,
843 2089 880 2124 16
908 2091 992 2135 apud

452 2154 562 2188 παρετ.
581 2154 699 2188 evang.
717 2144 803 2184 vm,
819 2145 849 2185 8,
867 2154 903 2177 21
923 2145 990 2188 (ed.

452 2209 461 2230 ι
482 2197 507 2238 1,
531 2199 625 2240 382):
651 2199 712 2231 καὶ
734 2196 825 2239 μετὰ
849 2196 912 2241 τὴν
935 2196 992 2233 νό-

452 2254 593 2285 νουσίαν
605 2249 734 2294 ἀνδρὸς
751 2254 812 2286 καὶ
825 2252 993 2295 γυναικὸς

452 2309 537 2340 ιθαι.
584 2306 677 2339 Hunc
706 2306 833 2339 lavandi
864 2316 992 2339 morem

477 2370 609 2404 quoque
633 2360 741 2403 plures
764 2360 991 2401 observabant,

452 2425 469 2447 n
493 2415 633 2448 Romae.
672 2413 852 2458 Gregorius
868 2415 912 2448 M.
932 2415 989 2458 Ep.

452 2468 549 2501 zribin
578 2468 637 2501 Vir
661 2478 737 2501 cum
760 2468 887 2512 propria
911 2479 990 2502 con-

452 2523 545 2556 niens
561 2522 625 2555 nisi
641 2522 753 2555 lotus
775 2533 857 2567 aqua
872 2524 990 2556 intrare

465 2587 533 2610 non
550 2577 664 2617 debet;
683 2577 829 2620 quamvis
845 2577 932 2610 enim
949 2577 991 2610 de

452 2631 596 2664 diversae
635 2631 806 2663 hominum
840 2631 991 2664 nationes

452 2685 587 2723 entiam,
622 2684 847 2717 Romanorum
878 2691 990 2718 tamen

452 2740 468 2772 b
483 2738 722 2782 antiquioribus
746 2749 822 2772 usus
840 2738 898 2772 fuit
914 2745 989 2783 post

452 2803 505 2826 em
529 2793 682 2837 propriae
704 2792 852 2837 coniugis
875 2799 908 2826 et
931 2793 988 2826 la-

453 2847 676 2881 tificationem
705 2857 857 2890 quaerere
887 2852 920 2880 et
948 2847 988 2880 ab

452 2901 601 2935 ecclesiae
620 2900 785 2945 paululum
802 2907 989 2934 reverenter

1057 2038 1229 2070 abstinere.
1276 2037 1417 2070 Isidorus
1446 2037 1537 2080 Hisp.
1569 2036 1621 2070 De
1651 2036 1767 2070 eccles.

1056 2090 1142 2124 offic.
1159 2091 1182 2132 1,
1205 2092 1251 2131 18,
1269 2101 1304 2134 9:
1331 2090 1523 2135 Coniugatis
1542 2091 1768 2124 abstinendum

1057 2152 1106 2179 est
1130 2146 1218 2178 coitu
1248 2146 1458 2189 plurimisque
1486 2145 1599 2178 diebus
1629 2145 1769 2178 orationi

1057 2199 1176 2232 debent
1200 2208 1315 2232 vacare
1340 2205 1371 2231 et
1393 2199 1438 2231 sic
1455 2199 1571 2231 deinde
1587 2199 1627 2231 ad
1646 2198 1768 2231 Christi

1057 2263 1175 2296 corpus
1199 2252 1365 2286 accedere.
1406 2253 1625 2297 Hieronymus
1650 2252 1707 2296 Ep.
1727 2253 1768 2291 48

1058 2317 1084 2340 c.
1107 2316 1142 2349 15
1168 2306 1277 2346 refert,
1300 2307 1426 2340 Romae
1449 2306 1561 2339 fideles
1585 2306 1674 2339 domi
1700 2307 1768 2349 qui-

1057 2361 1133 2394 dem
1156 2371 1288 2404 semper
1316 2361 1568 2401 communicare,
1597 2370 1658 2392 nec
1689 2370 1769 2393 vero

1056 2421 1131 2459 post
1148 2415 1298 2459 copulam
1312 2415 1474 2447 carnalem
1487 2415 1596 2447 statim
1613 2413 1767 2446 ecclesias

1056 2469 1191 2512 ingredi,
1222 2475 1254 2501 et
1282 2468 1370 2501 illam
1401 2468 1671 2502 consuetudinem
1695 2473 1767 2500 tan-

1056 2533 1152 2567 quam
1160 2523 1343 2566 Scripturae
1355 2522 1573 2555 adversariam
1586 2522 1767 2565 impugnat.

1301 2578 1316 2593 C
1505 2578 1519 2592 8

1402 2603 1417 2618 Φ

1099 2630 1128 2663 6.
1152 2631 1331 2675 Dionysius
1348 2631 1406 2674 Ep.
1419 2631 1460 2663 ad
1472 2629 1644 2663 Basilidem
1662 2640 1732 2662 can.
1749 2639 1766 2662 2

1056 2692 1178 2724 censet,
1213 2691 1363 2728 tempore
1399 2684 1549 2728 profluvii
1577 2683 1766 2717 mulieribus

1055 2739 1185 2783 quidem
1202 2739 1299 2772 licere
1316 2745 1419 2778 orare,
1442 2749 1504 2771 nec
1521 2748 1600 2771 vero
1616 2738 1657 2771 ad
1672 2747 1766 2771 men-

1056 2803 1125 2826 sam
1156 2803 1280 2826 sacram
1310 2792 1477 2826 accedere.
1510 2811 1549 2817 -—
1582 2789 1660 2826 ἀντὶ
1688 2788 1766 2834 dol.

1055 2844 1239 2890 διάβολος]
1263 2846 1314 2880 Cf.
1331 2846 1426 2890 Orig.
1444 2847 1493 2879 De
1512 2846 1646 2890 princip.
1665 2844 1767 2889 praef.

1054 2911 1082 2934 c.
1105 2901 1142 2942 6;
1167 2900 1279 2945 Cyrill.
1303 2900 1392 2934 Hier.
1416 2900 1551 2934 Catech.
1575 2900 1614 2939 11,
1637 2908 1658 2939 4
1681 2905 1744 2932 etc.

1798 1078 1839 1109 10

1795 1400 1836 1432 16
