2457 3436
829 392 1142 422 CONSTITU'I'IONES
1171 392 1447 421 APOSTOLORUM.
1839 382 1864 420 3
1870 382 1891 419 7

1087 487 1208 521 XXVI.

755 552 1032 587 THEODORUS
1055 551 1299 587 BALSAMON
1323 553 1357 596 [†
1380 563 1408 585 c.
1435 553 1542 595 1200}

508 617 573 660 Ad
602 617 757 660 Canon.
786 625 911 673 apost.
941 619 1007 670 85,
1035 617 1174 671 Migne
1202 617 1272 659 PG
1308 630 1393 671 137,
1419 630 1515 672 214:
1545 617 1609 659 Σύ
1636 619 1680 659 δὲ
1706 620 1893 672 γίνωσκε,

401 680 470 730 ὡς,
499 683 536 724 εἰ
563 685 632 724 καὶ
658 683 879 736 γέγραπται
898 683 1099 724 ἐνταυθοῖ
1122 681 1420 736 ἀναγινώσκειν
1440 679 1546 736 ἡμᾶς
1563 682 1638 731 τὰς
1656 683 1895 736 Διαταγὰς

400 753 480 789 τοῦ
498 745 751 801 Κλήμεντος,
778 746 885 802 πλὴν
911 746 966 802 μὴ
984 745 1237 802 δημοσιεύειν
1265 745 1406 797 αὐτάς,
1435 745 1526 788 ἀλλ’
1554 744 1577 788 ὁ
1594 746 1632 797 β’
1652 740 1807 789 κανων
1823 754 1897 802 τῆς

401 811 435 863 ς’
464 811 644 854 συνόδου
672 810 925 866 ἀπηγόρευσε
958 811 1035 866 τὴν
1067 811 1234 853 τούτων
1269 810 1504 865 ἀνάγνωσιν
1533 811 1598 853 διὰ
1628 811 1677 853 τὸ
1706 814 1895 866 γενέσθαι

401 879 680 931 παραποίησιν
712 877 757 918 ἐν
793 873 946 924 αὐταῖς.
1003 875 1189 918 Similiter
1224 877 1264 918 in
1300 876 1411 930 epist.
1446 876 1495 918 ad
1523 876 1700 918 Marcum
1730 877 1896 919 Alexan-

402 941 558 983 drinum
589 955 623 983 c.
658 955 692 992 1,
721 942 770 983 ib.
805 942 893 995 138,
924 953 1016 995 954.
1637 951 1641 954 ’

1081 1048 1217 1082 xxvn.

771 1112 1049 1147 MATTHAEUS
1072 1112 1326 1147 BLASTARES
1350 1114 1392 1156 [c.
1421 1114 1527 1157 ¹335]-

510 1179 728 1233 Syntagma
756 1191 954 1220 canonum
982 1177 1280 1233 alphabeticum,
1310 1177 1464 1233 praefil
1493 1177 1542 1219 de
1570 1192 1601 1220 s.
1621 1177 1893 1232 apostolorum

401 1243 632 1295 canonibus,
662 1243 797 1297 Migne
816 1243 885 1284 PG
911 1256 999 1297 144,
1019 1245 1116 1297 967:
1149 1245 1250 1298 Φησὶ
1272 1242 1348 1296 γὰρ
1369 1240 1414 1298 (ἡ
1432 1242 1528 1297 ἕκτη
1549 1242 1763 1297 σύνοδος-Υ
1795 1241 1897 1291 Τοὺς

401 1306 484 1350 ὑπὸ
502 1313 593 1350 τῶν
610 1307 694 1360 πρὸ
712 1313 830 1362 ημῶν
849 1305 977 1361 ἁγίων
994 1310 1185 1360 πατέρων
1205 1309 1273 1349 καὶ
1288 1309 1509 1360 δεχθέντας
1526 1309 1594 1350 καὶ
1613 1309 1895 1361 κυρωθέντας,

402 1372 510 1415 ἀλλὰ
541 1372 623 1427 μὴν
659 1375 729 1414 καὶ
760 1373 1076 1424 παραδοθέντας
1110 1370 1205 1426 ἡμῖν
1239 1371 1304 1414 ἐπ’
1337 1371 1511 1426 ὀνόματι
1545 1379 1632 1414 τῶν
1667 1369 1795 1425 ἁγίων
1829 1374 1896 1413 καὶ

401 1436 585 1489 ἐνδόξων
613 1436 863 1479 ἀποστόλων
891 1436 1150 1492 ὀγδοήκοντα
1167 1439 1291 1479 πέντε
1312 1436 1538 1485 Κανόνας
1565 1437 1615 1479 τὸ
1640 1441 1764 1489 κῦρος
1792 1436 1897 1489 ἔχειν

402 1505 469 1545 καὶ
499 1499 612 1556 ἡμεῖς
638 1500 867 1554 κελεύομεν,
895 1501 1005 1556 πλὴν
1031 1507 1121 1544 τῶν
1140 1508 1218 1544 τοῦ
1240 1502 1477 1556 Κλήμεντος
1505 1502 1738 1544 ἐπιστολῶν
1756 1517 1800 1543 τε
1828 1502 1896 1541 καὶ

402 1566 701 1619 Διατάξεων·
730 1560 851 1609 αὗται
878 1566 956 1620 γὰρ
983 1566 1089 1619 πρὸς
1115 1572 1204 1608 τῶν
1233 1568 1441 1617 δυσσεβῶν
1467 1566 1576 1608 πολὺ
1595 1565 1646 1608 τὸ
1665 1565 1799 1608 νόθον
1828 1568 1897 1607 καὶ

403 1631 612 1685 σφαλερὸν
630 1632 892 1683 εἰσεδέξαντο.
939 1631 1125 1673 Similiter
1145 1631 1270 1674 littera
1286 1632 1327 1682 β’
1347 1645 1380 1673 c.
1407 1645 1421 1672 1
1435 1644 1449 1672 1
1472 1646 1510 1686 p.
1537 1643 1637 1684 1139
1658 1645 1736 1686 sq.;
1766 1631 1837 1672 litt.
1859 1630 1895 1671 κ’

404 1711 437 1739 c.
471 1709 490 1750 5
523 1711 562 1752 p.
595 1709 692 1750 1351
726 1710 784 1752 sq.

1076 1771 1227 1806 XXVIII.

801 1835 1085 1870 memnonos
1108 1835 1310 1870 CALusn
1333 1836 1367 1879 [γ
1393 1836 1500 1879 1341J.

513 1901 615 1943 Hist.
636 1901 728 1943 eccl.
749 1901 815 1952 111,
840 1902 901 1952 18,
930 1901 999 1943 PG
1031 1913 1118 1955 145,
1141 1913 1237 1955 531:
1271 1904 1427 1943 Τοῦτον
1456 1901 1685 1954 συγγραφέα
1713 1901 1781 1940 καὶ
1809 1904 1898 1940 τῶν

405 1962 696 2008 ἀποστολικῶν
723 1965 1021 2017 Διατάξεων,
1056 1965 1159 2008 ἀλλὰ
1194 1965 1244 2019 δὴ
1276 1968 1342 2006 καὶ
1378 1971 1465 2007 τῶν
1498 1965 1621 2018 ἱερῶν
1659 1964 1898 2006 Κανόνων

405 2030 658 2084 πιστεύομεν.

1092 2106 1212 2139 XXIX.

660 2170 1013 2204 CONSTANTINUS
1036 2169 1402 2204 HARMENOPULUS
1425 2170 1460 2213 [†
1483 2181 1511 2203 c.
1538 2170 1645 2212 1380}

519 2249 553 2276 1.
583 2235 765 2291 Epitome
793 2250 990 2278 canonum
1014 2236 1062 2286 H,
1081 2250 1109 2290 4
1127 2235 1176 2277 de
1195 2234 1370 2277 diaconis
1389 2235 1596 2284 scholium,
1626 2234 1695 2275 PG
1720 2246 1806 2286 150,
1828 2246 1851 2286 9
1858 2246 1897 2285 5:

402 2297 467 2342 Ἐν
499 2309 591 2348 ταῖς
625 2302 858 2354 λεγομέναις
894 2306 982 2342 τῶν
1023 2298 1152 2354 ἁγίων
1189 2299 1439 2341 ἀποστόλων
1472 2300 1729 2349 Διατάξεσι
1768 2303 1900 2338 ταῦτα

405 2367 649 2419 διείληπται·
679 2365 927 2407 Διακόνισσα
955 2364 1077 2407 οὐδὲν
1106 2360 1168 2405 ὧν
1196 2364 1236 2406 οἱ
1255 2363 1520 2416 πρεσβύτεροι
1548 2360 1572 2417 ἢ
1601 2362 1789 2405 διάκονοι
1816 2362 1900 2403 ἐπι-

404 2434 524 2481 τελεῖ,
553 2428 644 2471 ἀλλ’
670 2429 696 2484 ἢ
722 2430 943 2483 φυλάσσειν
970 2429 1043 2478 τὰς
1072 2429 1206 2482 θύρας
1234 2431 1302 2469 καὶ
1331 2429 1587 2482 ἐξυπηρετεῖν
1616 2437 1702 2476 τοῖς
1730 2430 1899 2479 πρεσβυ-

405 2496 541 2547 τέροις
567 2495 613 2536 ἐν
641 2500 703 2548 τῷ
730 2497 999 2547 βαπτίζεσθαι
1027 2494 1100 2542 τὰς
1128 2503 1321 2547 γυναῖκας
1350 2492 1416 2534 διὰ
1445 2492 1494 2534 τὸ
1521 2491 1729 2545 εὐπρεπές.
1781 2492 1827 2533 C.
1848 2494 1897 2532 A.

405 2560 513 2610 VIII,
544 2560 609 2611 28,
640 2561 676 2601 6.

518 2637 554 2666 2.
584 2624 766 2679 Epitome
795 2638 1007 2674 canonum,
1036 2624 1300 2679 proloquium,
1331 2623 1467 2676 Migne
1496 2621 1565 2663 PG
1600 2634 1686 2673 150,
1719 2622 1896 2673 56—6o:

410 2693 502 2732 Τῶν
536 2688 730 2731 κανόνων
767 2689 807 2731 οἱ
839 2690 914 2742 μέν
950 2690 1024 2731 εἰσι
1060 2694 1149 2730 τῶν
1185 2685 1314 2742 ἁγίων
1351 2686 1612 2736 ἀποστόλων,
1653 2685 1692 2726 οἱ
1728 2686 1771 2726 δὲ
1810 2690 1900 2726 τῶν

406 2756 708 2808 οἰκουμενικῶν
736 2753 839 2796 ἑπτὰ
867 2751 997 2807 ἁγίων
1024 2753 1225 2803 συνόδων,
1256 2752 1295 2794 οἱ
1323 2753 1367 2794 δὲ
1389 2755 1478 2794 τῶν
1495 2756 1676 2805 μερικῶν
1696 2749 1899 2799 συνόδων,

406 2820 446 2861 οἱ
475 2820 519 2861 δὲ
549 2816 691 2873 ἁγίων.
714 2852 724 2862 .
745 2850 755 2860 .
775 2851 784 2860 .
815 2820 914 2860 εἰσιν
943 2814 1020 2860 οὖν
1048 2823 1135 2859 τῶν
1162 2818 1237 2870 μὲν
1265 2814 1393 2870 ἁγίων
1412 2813 1660 2859 ἀποστόλων
1683 2814 1900 2862 Κανόνες

404 2883 485 2926 ms·
516 2888 605 2925 τῶν
633 2885 677 2924 δὲ
705 2885 1005 2936 οίκουμενικῶν
1033 2881 1222 2924 συνόδων
1250 2886 1340 2923 κτλ.
