2457 3436
632 389 683 418 ux
712 387 981 418 Apos'romlwu
1009 387 1153 418 sruono
1183 388 1415 418 Aurlocuue
1443 388 1672 418 cumeum.
1817 379 1892 417 147

400 484 548 527 Christi
573 485 734 539 eiusque
763 484 957 527 cultorum
988 483 1176 536 effingant
1204 491 1341 526 contra
1369 483 1473 525 idola
1493 498 1537 525 ac
1557 483 1736 535 Iudaeos,
1766 498 1894 538 neque

398 549 567 604 amplius
596 549 775 591 aberrent
802 549 850 590 ad
879 548 982 590 idola
1010 562 1139 604 neque
1168 548 1316 590 similes
1345 548 1440 591 fiant
1468 547 1618 590 Iudaeis
1626 565 1637 599 ;

512 679 561 720 V.
591 692 642 720 ne
662 678 872 721 Christiani
891 679 1037 720 similes
1065 677 1160 720 fiant
1186 677 1337 720 ludaeis
1354 677 1585 720 abstinentia
1605 678 1796 729 ciborum,
1826 679 1895 720 sed

401 751 444 785 ut
480 745 597 785 etiam
627 743 735 785 suilla
764 751 967 785 vescantur
995 743 1175 785 Domino
1204 743 1495 798 pronuntiante,
1529 758 1602 784 non
1636 756 1679 784 ea
1714 743 1894 784 hominem

401 809 655 863 coinquinare,
681 822 776 863 quae
794 810 834 849 in
853 822 892 850 os
911 810 1062 858 intrent,
1086 808 1152 849 sed
1168 821 1264 863 quae
1276 808 1481 863 procedant
1500 822 1546 849 ex
1564 822 1638 858 ore,
1664 816 1785 863 utpote
1803 822 1897 863 quae

402 888 421 914 e
449 873 557 915 corde
592 881 742 924 exeant;
785 887 828 915 ac
864 887 914 915 ne
950 873 1116 915 litteram
1152 880 1376 927 sequantur,
1411 872 1482 915 sed
1510 872 1754 927 spiritualiter
1782 881 1896 927 atque

402 939 619 992 anagogice
657 939 778 979 vitam
821 938 1041 989 instituant3
1081 952 1173 979 nam
1219 951 1422 993 synagoga
1455 937 1687 979 Iudaeorum
1732 937 1898 979 belluina

403 1016 570 1057 porcum
590 1002 750 1058 quidem
771 1003 995 1053 detestatur,
1021 1002 1165 1044 malitia
1184 1010 1315 1044 autem
1337 1003 1526 1045 retinetur
1545 1003 1648 1044 iuxta
1667 1016 1897 1044 sermonem

403 1068 692 1121 propheticum,
721 1068 811 1123 quia
838 1069 1004 1109 saturati
1020 1076 1108 1109 sunt
1134 1067 1251 1109 suilla
1281 1080 1326 1109 ac
1354 1067 1573 1109 dimiserunt
1600 1067 1780 1123 reliquias
1801 1075 1896 1122 par-

403 1133 504 1174 vulis
531 1134 607 1174 suis
613 1147 630 1182 ,·
657 1133 833 1175 similiter
862 1133 1074 1175 Christiani
1104 1146 1185 1173 non
1214 1131 1483 1187 prohibentur,
1512 1133 1725 1187 quominus
1753 1133 1899 1173 anima-

405 1197 502 1239 libus
530 1199 708 1239 testaceis
738 1205 777 1239 et
804 1197 972 1252 piscibus
1001 1198 1172 1252 squamis
1191 1211 1275 1239 non
1299 1196 1479 1239 obductis
1497 1204 1720 1248 vescantur;
1749 1196 1897 1238 intelle'-

405 1264 508 1316 gitur
537 1263 642 1304 enim
679 1270 717 1304 et
751 1277 795 1304 ea
829 1277 871 1304 re
899 1262 1145 1317 spiritualiter
1174 1276 1243 1304 cor
1272 1277 1421 1314 amens,
1460 1261 1682 1316 significans
1713 1276 1795 1313 eos,
1833 1264 1897 1317 qui

405 1336 527 1370 testae
556 1328 675 1370 instar
704 1327 1035 1383 praedicationem
1064 1328 1236 1369 veritatis
1266 1327 1455 1378 abiciunt;

516 1521 583 1563 VI.
622 1535 672 1562 ne
702 1520 912 1563 Christiani
946 1521 1152 1575 pecuniam
1191 1528 1337 1569 ament,
1377 1534 1466 1562 cum
1503 1521 1701 1563 Dominus
1743 1521 1898 1563 dixerit:

408 1585 537 1627 Nolite
564 1585 820 1639 thesaurizare
846 1585 950 1627 vobis
977 1586 1168 1627 thesauros
1197 1587 1235 1626 in
1255 1593 1371 1636 terra,
1399 1586 1467 1626 ubi
1492 1599 1632 1640 aerugo
1661 1594 1694 1627 et
1716 1587 1816 1627 tinea
1836 1587 1898 1627 de-

408 1650 572 1700 molitur,
599 1658 637 1693 et
656 1652 826 1692 maxime
846 1665 893 1692 ex
913 1650 1065 1692 iniustis
1084 1651 1156 1692 viis
1164 1667 1176 1701 ;
1205 1652 1391 1705 scriptum
1413 1658 1470 1692 est
1491 1652 1615 1692 enim:
1647 1650 1769 1692 Nemo
1782 1658 1900 1705 potest

406 1716 548 1757 duobus
574 1716 732 1757 dominis
758 1717 910 1765 servire,
939 1730 1054 1771 neque
1075 1717 1224 1769 potestis
1251 1716 1333 1757 Deo
1359 1716 1500 1756 servire
1528 1723 1561 1756 et
1589 1729 1826 1756 mammonae
1832 1731 1848 1765 ;

518 1844 603 1886 VII.
635 1844 877 1887 Christianus
898 1859 948 1886 ne
968 1846 1114 1886 ventris
1142 1858 1254 1886 causa
1283 1844 1526 1899 passionibus
1556 1844 1761 1894 subiaceat,
1792 1853 1830 1886 et
1860 1853 1901 1887 ut

407 1910 598 1952 abstineat
629 1910 789 1952 theatris
824 1909 1043 1964 impudicis,
1079 1924 1207 1965 neque
1235 1910 1335 1951 iuret
1364 1909 1563 1958 velociter,
1593 1924 1681 1951 cum
1704 1910 1902 1951 Dominus

408 1974 560 2025 dixerit,
600 1989 674 2015 non
709 1976 839 2015 iurare
877 1976 1037 2025 omnino,
1080 1989 1194 2029 neque
1221 1982 1291 2029 per
1324 1974 1483 2025 caelum,
1518 1976 1606 2029 quia
1640 1974 1794 2015 thronus
1828 1975 1905 2016 Dei

409 2048 472 2090 est,
514 2054 628 2095 neque
660 2047 731 2094 per
764 2047 918 2090 terram,
953 2041 1041 2094 quia
1073 2039 1278 2080 scabellum
1314 2047 1366 2080 est
1393 2039 1531 2094 pedum
1566 2041 1654 2089 eius,
1690 2054 1804 2094 neque
1836 2048 1903 2094 per

407 2104 682 2154 lerosolymam,
717 2106 806 2160 quia
841 2106 974 2146 civitas
1009 2112 1059 2145 est
1093 2106 1226 2158 magni
1258 2106 1368 2158 regis,
1403 2118 1518 2159 neque
1549 2112 1619 2159 per
1653 2112 1763 2159 caput
1797 2113 1901 2146 tuum

409 2171 617 2220 iuraveris,
637 2171 726 2225 quia
755 2183 828 2211 non
851 2177 952 2223 potes
980 2184 1096 2209 uniam
1124 2168 1304 2224 capillum
1334 2168 1463 2209 album
1484 2170 1621 2224 facere
1643 2178 1709 2211 out
1730 2172 1879 2223 nigrum
1889 2185 1905 2219 ‚-

408 2237 455 2275 sit
483 2242 608 2275 autem
635 2248 755 2275 sermo
782 2242 902 2275 vester
930 2242 980 2275 est
1007 2242 1070 2284 est,
1100 2248 1173 2274 non
1191 2249 1264 2275 non
1271 2248 1289 2283 ;
1315 2234 1413 2289 quod
1429 2242 1554 2275 autem
1574 2234 1631 2275 his
1650 2234 1904 2275 abundantius

411 2308 474 2350 est,
503 2312 529 2340 a
557 2299 659 2340 malo
687 2308 738 2340 est
744 2314 762 2349 ;

411 2418 549 2451 eamque
573 2407 765 2451 simpliciter
787 2407 926 2451 opponit
948 2407 1043 2440 idolis
1067 2418 1124 2450 pa-

411 2473 583 2506 ganorum.
629 2460 776 2494 Hamack
800 2462 881 2504 (Die
903 2461 1036 2494 Mission
1060 2462 1124 2494 und

413 2517 623 2559 Ausbreitung
640 2516 691 2548 des
706 2515 930 2548 Christentums
945 2524 1026 2559 1902
1040 2525 1070 2558 p.
1085 2515 1125 2557 58

411 2571 477 2614 sq.)
506 2575 675 2603 auctorem
700 2575 812 2602 censet
835 2569 1012 2613 allegorice
1035 2569 1124 2611 loqui

411 2635 449 2657 ac
478 2623 676 2668 praecipere,
706 2629 741 2656 ut
770 2623 945 2657 Christiani
975 2628 1125 2663 statuam,

412 2688 494 2722 quae
523 2677 673 2711 Christus
703 2678 773 2721 ipse
802 2678 852 2718 sit,
883 2678 915 2709 in
946 2676 1045 2710 corde
1073 2676 1126 2709 vel

412 2731 618 2776 spiritualiter
641 2731 702 2764 sibi
725 2730 893 2775 effingant.
940 2730 1002 2763 Vix
1025 2736 1124 2764 recte.

413 2806 452 2810 -
477 2787 540 2820 καὶ
562 2782 755 2829 Ἰουδαίων]
778 2786 904 2818 Auctor
926 2795 993 2818 non
1018 2785 1125 2818 solum

413 2850 571 2884 paganos,
585 2840 644 2873 sed
656 2839 755 2873 etiam
768 2839 905 2872 Iudaeos
921 2839 1126 2872 adversarios

413 2894 521 2936 habet,
550 2905 608 2928 seu
632 2896 704 2938 quia
728 2894 772 2934 hi,
804 2898 838 2927 ut
860 2893 1008 2926 Harnack
1036 2893 1073 2935 (l.
1097 2904 1125 2927 c.

1190 2418 1220 2450 p.
1241 2416 1280 2449 59
1297 2418 1329 2440 n.
1349 2408 1385 2449 2)
1408 2412 1509 2450 putat,
1533 2406 1613 2439 olim
1636 2406 1765 2450 saepius
1789 2407 1821 2439 in
1838 2407 1905 2439 cul-

1190 2467 1260 2494 tum
1277 2460 1438 2494 idolorum
1456 2460 1657 2500 aberrabant,
1680 2470 1747 2500 seu,
1770 2460 1802 2493 id
1818 2460 1906 2504 quod

1191 2514 1396 2548 verisimilius
1419 2520 1480 2554 est,
1509 2514 1583 2558 quia
1607 2514 1717 2547 ludaei
1745 2515 1905 2558 imagines

1191 2569 1362 2613 religiosas
1387 2568 1482 2612 plane
1500 2568 1710 2611 repudiabant
1726 2578 1832 2612 neque
1851 2579 1905 2600 eas

1192 2623 1385 2664 tolerabant,
1409 2632 1488 2666 quas
1510 2629 1625 2655 auctor
1648 2622 1772 2655 admitti
1797 2622 1874 2655 vult.

1235 2676 1264 2709 V
1282 2674 1355 2720 (ε’).
1378 2671 1503 2718 ὑείων]
1527 2675 1580 2709 Cf.
1597 2675 1635 2709 C.
1651 2676 1691 2709 A.
1716 2675 1772 2717 VI,
1792 2685 1840 2709 ιο.
1864 2696 1905 2701 —-

1192 2728 1445 2774 ἅναγωγικῶς]
1474 2730 1581 2763 Etiam
1609 2730 1692 2763 haec
1722 2740 1785 2763 vox
1811 2730 1905 2762 valde

1193 2789 1335 2818 aetatem
1359 2784 1577 2817 recentiorem
1601 2784 1695 2826 sapit.

1236 2837 1280 2871 VI
1303 2835 1373 2880 (ς’).
1397 2837 1449 2871 Cf.
1474 2837 1512 2871 C.
1537 2837 1577 2871 A.
1602 2837 1670 2878 vn,
1694 2837 1725 2870 6.

1715 2945 1776 2979 10*
