<?xml version="1.0" encoding="UTF-8"?>
<!DOCTYPE html PUBLIC "-//W3C//DTD XHTML 1.0 Transitional//EN"
    "http://www.w3.org/TR/xhtml1/DTD/xhtml1-transitional.dtd">
<html xmlns="http://www.w3.org/1999/xhtml" xml:lang="en" lang="en">
 <head>
  <title>
</title>
<meta http-equiv="Content-Type" content="text/html;charset=utf-8" />
  <meta name='ocr-system' content='tesseract 3.04.00' />
  <meta name='ocr-capabilities' content='ocr_page ocr_carea ocr_par ocr_line ocrx_word'/>
</head>
<body>
  <div class='ocr_page' id='page_1' title='image "./didascaliaetcon00funkgoog/didascaliaetcon00funkgoog_0011.png"; bbox 0 0 2457 3436; ppageno 0'>
   <div class='ocr_carea' id='block_1_1' title="bbox 478 361 1370 404">
    <p class='ocr_par' dir='ltr' id='par_1_1' title="bbox 478 361 1370 404">
     <span class='ocr_line' id='line_1_1' title="bbox 478 361 1370 404; baseline 0.002 -2"><span class='ocrx_word' id='word_1_1' title='bbox 478 361 512 402; x_wconf 86' lang='lat'>11</span> <span class='ocrx_word' id='word_1_2' title='bbox 1088 374 1370 404; x_wconf 69' lang='lat' dir='ltr'>paonmoussm.</span> 
     </span>
    </p>
   </div>
   <div class='ocr_carea' id='block_1_2' title="bbox 479 468 2031 2798">
    <p class='ocr_par' dir='ltr' id='par_1_2' title="bbox 479 468 2031 1758">
     <span class='ocr_line' id='line_1_2' title="bbox 479 468 1973 521; baseline 0.003 -12"><span class='ocrx_word' id='word_1_3' title='bbox 479 468 638 510; x_wconf 78' lang='lat' dir='ltr'><strong>Plurimi</strong></span> <span class='ocrx_word' id='word_1_4' title='bbox 660 484 744 510; x_wconf 90' lang='lat' dir='ltr'>eam</span> <span class='ocrx_word' id='word_1_5' title='bbox 766 470 813 510; x_wconf 88' lang='lat' dir='ltr'>ad</span> <span class='ocrx_word' id='word_1_6' title='bbox 834 470 1029 511; x_wconf 88' lang='lat' dir='ltr'>saeculum</span> <span class='ocrx_word' id='word_1_7' title='bbox 1049 470 1066 510; x_wconf 91' lang='lat'>1</span> <span class='ocrx_word' id='word_1_8' title='bbox 1087 471 1219 512; x_wconf 83' lang='lat' dir='ltr'>exiens</span> <span class='ocrx_word' id='word_1_9' title='bbox 1236 468 1420 521; x_wconf 85' lang='lat' dir='ltr'>referunt,</span> <span class='ocrx_word' id='word_1_10' title='bbox 1453 471 1630 512; x_wconf 82' lang='lat' dir='ltr'>nonnulli</span> <span class='ocrx_word' id='word_1_11' title='bbox 1651 471 1698 512; x_wconf 86' lang='lat' dir='ltr'>ad</span> <span class='ocrx_word' id='word_1_12' title='bbox 1719 472 1914 513; x_wconf 87' lang='lat' dir='ltr'>saeculum</span> <span class='ocrx_word' id='word_1_13' title='bbox 1938 473 1973 513; x_wconf 88' lang='grc' dir='ltr'>ΙΙ</span> 
     </span>
     <span class='ocr_line' id='line_1_3' title="bbox 481 534 1971 591; baseline 0.002 -16"><span class='ocrx_word' id='word_1_14' title='bbox 481 535 666 576; x_wconf 89' lang='lat' dir='ltr'>medium.</span> <span class='ocrx_word' id='word_1_15' title='bbox 715 534 791 575; x_wconf 88' lang='lat' dir='ltr'>Alii</span> <span class='ocrx_word' id='word_1_16' title='bbox 811 542 937 576; x_wconf 90' lang='lat' dir='ltr'>totum</span> <span class='ocrx_word' id='word_1_17' title='bbox 960 535 1128 576; x_wconf 90' lang='lat' dir='ltr'>libellum</span> <span class='ocrx_word' id='word_1_18' title='bbox 1151 535 1375 576; x_wconf 87' lang='lat' dir='ltr'>Christiano</span> <span class='ocrx_word' id='word_1_19' title='bbox 1395 535 1625 587; x_wconf 83' lang='lat' dir='ltr'>attribuunt3</span> <span class='ocrx_word' id='word_1_20' title='bbox 1646 536 1722 586; x_wconf 90' lang='lat' dir='ltr'>alii,</span> <span class='ocrx_word' id='word_1_21' title='bbox 1742 550 1971 591; x_wconf 89' lang='lat' dir='ltr'>persuasum</span> 
     </span>
     <span class='ocr_line' id='line_1_4' title="bbox 480 592 1973 655; baseline 0.002 -15"><span class='ocrx_word' id='word_1_22' title='bbox 480 599 550 640; x_wconf 90' lang='lat' dir='ltr'>sibi</span> <span class='ocrx_word' id='word_1_23' title='bbox 581 592 778 650; x_wconf 78' lang='lat' dir='ltr'>habentes,</span> <span class='ocrx_word' id='word_1_24' title='bbox 809 600 1031 654; x_wconf 79' lang='lat' dir='ltr'>particulam</span> <span class='ocrx_word' id='word_1_25' title='bbox 1065 613 1097 650; x_wconf 90' lang='lat'>1,</span> <span class='ocrx_word' id='word_1_26' title='bbox 1123 612 1239 653; x_wconf 84' lang='lat'>3—2‚</span> <span class='ocrx_word' id='word_1_27' title='bbox 1265 613 1297 651; x_wconf 87' lang='lat'>1,</span> <span class='ocrx_word' id='word_1_28' title='bbox 1328 615 1425 654; x_wconf 89' lang='lat' dir='ltr'>quae</span> <span class='ocrx_word' id='word_1_29' title='bbox 1455 614 1575 655; x_wconf 84' lang='lat' dir='ltr'>pauca</span> <span class='ocrx_word' id='word_1_30' title='bbox 1602 601 1718 642; x_wconf 90' lang='lat' dir='ltr'>verba</span> <span class='ocrx_word' id='word_1_31' title='bbox 1748 603 1973 655; x_wconf 85' lang='lat' dir='ltr'>evangelica</span> 
     </span>
     <span class='ocr_line' id='line_1_5' title="bbox 481 665 1972 720; baseline 0.002 -15"><span class='ocrx_word' id='word_1_32' title='bbox 481 665 670 714; x_wconf 89' lang='lat' dir='ltr'>continet,</span> <span class='ocrx_word' id='word_1_33' title='bbox 700 666 738 706; x_wconf 92' lang='lat' dir='ltr'>in</span> <span class='ocrx_word' id='word_1_34' title='bbox 769 665 961 720; x_wconf 88' lang='lat' dir='ltr'>plerisque</span> <span class='ocrx_word' id='word_1_35' title='bbox 993 665 1190 719; x_wconf 90' lang='lat' dir='ltr'>scripturis</span> <span class='ocrx_word' id='word_1_36' title='bbox 1219 673 1348 706; x_wconf 90' lang='lat' dir='ltr'>autem</span> <span class='ocrx_word' id='word_1_37' title='bbox 1370 665 1415 706; x_wconf 87' lang='lat' dir='ltr'>ab</span> <span class='ocrx_word' id='word_1_38' title='bbox 1437 679 1485 707; x_wconf 91' lang='lat' dir='ltr'>eo</span> <span class='ocrx_word' id='word_1_39' title='bbox 1508 665 1815 720; x_wconf 84' lang='lat' dir='ltr'>dependentibus</span> <span class='ocrx_word' id='word_1_40' title='bbox 1847 667 1972 717; x_wconf 80' lang='lat' dir='ltr'>deest,</span> 
     </span>
     <span class='ocr_line' id='line_1_6' title="bbox 480 730 1972 785; baseline 0.002 -15"><span class='ocrx_word' id='word_1_41' title='bbox 480 743 501 770; x_wconf 90' lang='lat' dir='ltr'>a</span> <span class='ocrx_word' id='word_1_42' title='bbox 541 731 758 783; x_wconf 89' lang='lat' dir='ltr'>posteriore</span> <span class='ocrx_word' id='word_1_43' title='bbox 799 730 1028 784; x_wconf 86' lang='lat' dir='ltr'>interpolata</span> <span class='ocrx_word' id='word_1_44' title='bbox 1070 744 1168 780; x_wconf 89' lang='lat' dir='ltr'>esse,</span> <span class='ocrx_word' id='word_1_45' title='bbox 1211 739 1459 781; x_wconf 89' lang='lat' dir='ltr'>censuerunt,</span> <span class='ocrx_word' id='word_1_46' title='bbox 1500 731 1671 784; x_wconf 86' lang='lat' dir='ltr'>priorem</span> <span class='ocrx_word' id='word_1_47' title='bbox 1716 739 1862 785; x_wconf 90' lang='lat' dir='ltr'>partem</span> <span class='ocrx_word' id='word_1_48' title='bbox 1911 733 1972 773; x_wconf 93' lang='lat' dir='ltr'>vel</span> 
     </span>
     <span class='ocr_line' id='line_1_7' title="bbox 482 794 1974 850; baseline 0.002 -15"><span class='ocrx_word' id='word_1_49' title='bbox 482 795 699 836; x_wconf 84' lang='lat' dir='ltr'>catechesin</span> <span class='ocrx_word' id='word_1_50' title='bbox 736 809 767 836; x_wconf 93' lang='lat' dir='ltr'>c.</span> <span class='ocrx_word' id='word_1_51' title='bbox 810 797 910 836; x_wconf 88' lang='lat'>1—6</span> <span class='ocrx_word' id='word_1_52' title='bbox 946 810 966 836; x_wconf 91' lang='lat' dir='ltr'>a</span> <span class='ocrx_word' id='word_1_53' title='bbox 996 795 1139 836; x_wconf 91' lang='lat' dir='ltr'>Iudaeo</span> <span class='ocrx_word' id='word_1_54' title='bbox 1174 794 1254 836; x_wconf 88' lang='lat' dir='ltr'>fere</span> <span class='ocrx_word' id='word_1_55' title='bbox 1288 796 1400 836; x_wconf 84' lang='lat' dir='ltr'>annis</span> <span class='ocrx_word' id='word_1_56' title='bbox 1440 808 1513 836; x_wconf 89' lang='lat'>100</span> <span class='ocrx_word' id='word_1_57' title='bbox 1542 809 1698 848; x_wconf 84' lang='lat' dir='ltr'>a.—5o</span> <span class='ocrx_word' id='word_1_58' title='bbox 1727 811 1764 850; x_wconf 89' lang='lat' dir='ltr'>p.</span> <span class='ocrx_word' id='word_1_59' title='bbox 1794 796 1888 838; x_wconf 85' lang='lat' dir='ltr'>Chr.</span> <span class='ocrx_word' id='word_1_60' title='bbox 1926 797 1974 838; x_wconf 89' lang='lat' dir='ltr'>ad</span> 
     </span>
     <span class='ocr_line' id='line_1_8' title="bbox 482 859 1971 915; baseline 0.003 -16"><span class='ocrx_word' id='word_1_61' title='bbox 482 859 717 901; x_wconf 89' lang='lat' dir='ltr'>erudiendos</span> <span class='ocrx_word' id='word_1_62' title='bbox 746 860 967 915; x_wconf 84' lang='lat' dir='ltr'>proselytos</span> <span class='ocrx_word' id='word_1_63' title='bbox 995 868 1186 901; x_wconf 86' lang='lat' dir='ltr'>exaratam</span> <span class='ocrx_word' id='word_1_64' title='bbox 1216 859 1346 910; x_wconf 86' lang='lat' dir='ltr'>fuisse,</span> <span class='ocrx_word' id='word_1_65' title='bbox 1375 859 1533 901; x_wconf 88' lang='lat' dir='ltr'>alteram</span> <span class='ocrx_word' id='word_1_66' title='bbox 1563 868 1710 914; x_wconf 83' lang='lat' dir='ltr'>partem</span> <span class='ocrx_word' id='word_1_67' title='bbox 1741 875 1808 902; x_wconf 91' lang='lat' dir='ltr'>seu</span> <span class='ocrx_word' id='word_1_68' title='bbox 1829 861 1971 903; x_wconf 88' lang='lat' dir='ltr'>librum</span> 
     </span>
     <span class='ocr_line' id='line_1_9' title="bbox 481 924 1975 980; baseline 0.001 -15"><span class='ocrx_word' id='word_1_69' title='bbox 481 924 656 966; x_wconf 86' lang='lat' dir='ltr'>ritualem</span> <span class='ocrx_word' id='word_1_70' title='bbox 689 924 829 966; x_wconf 90' lang='lat' dir='ltr'>deinde</span> <span class='ocrx_word' id='word_1_71' title='bbox 848 939 869 965; x_wconf 82' lang='lat' dir='ltr'>a</span> <span class='ocrx_word' id='word_1_72' title='bbox 889 925 1113 967; x_wconf 87' lang='lat' dir='ltr'>Christiano</span> <span class='ocrx_word' id='word_1_73' title='bbox 1143 924 1362 967; x_wconf 90' lang='lat' dir='ltr'>confectam</span> <span class='ocrx_word' id='word_1_74' title='bbox 1394 932 1432 966; x_wconf 94' lang='lat' dir='ltr'>et</span> <span class='ocrx_word' id='word_1_75' title='bbox 1459 925 1504 966; x_wconf 86' lang='lat' dir='ltr'>ab</span> <span class='ocrx_word' id='word_1_76' title='bbox 1525 933 1683 967; x_wconf 87' lang='lat' dir='ltr'>auctore</span> <span class='ocrx_word' id='word_1_77' title='bbox 1713 926 1824 966; x_wconf 87' lang='lat' dir='ltr'>huius</span> <span class='ocrx_word' id='word_1_78' title='bbox 1854 928 1975 980; x_wconf 88' lang='lat' dir='ltr'>partis</span> 
     </span>
     <span class='ocr_line' id='line_1_10' title="bbox 482 989 1974 1044; baseline 0.001 -15"><span class='ocrx_word' id='word_1_79' title='bbox 482 990 568 1044; x_wconf 91' lang='lat' dir='ltr'>ipso</span> <span class='ocrx_word' id='word_1_80' title='bbox 598 996 662 1030; x_wconf 85' lang='lat' dir='ltr'>aut</span> <span class='ocrx_word' id='word_1_81' title='bbox 691 989 736 1030; x_wconf 82' lang='lat' dir='ltr'>ab</span> <span class='ocrx_word' id='word_1_82' title='bbox 765 990 841 1030; x_wconf 89' lang='lat' dir='ltr'>alio</span> <span class='ocrx_word' id='word_1_83' title='bbox 862 1004 950 1031; x_wconf 90' lang='lat' dir='ltr'>cum</span> <span class='ocrx_word' id='word_1_84' title='bbox 972 990 1031 1031; x_wconf 91' lang='lat' dir='ltr'>illa</span> <span class='ocrx_word' id='word_1_85' title='bbox 1052 992 1301 1031; x_wconf 89' lang='lat' dir='ltr'>coniunctam</span> <span class='ocrx_word' id='word_1_86' title='bbox 1325 1004 1421 1031; x_wconf 89' lang='lat' dir='ltr'>esse.</span> <span class='ocrx_word' id='word_1_87' title='bbox 1469 990 1618 1032; x_wconf 89' lang='lat' dir='ltr'>Revera</span> <span class='ocrx_word' id='word_1_88' title='bbox 1639 992 1845 1044; x_wconf 83' lang='lat' dir='ltr'>quaeritur,</span> <span class='ocrx_word' id='word_1_89' title='bbox 1877 1005 1974 1031; x_wconf 87' lang='lat' dir='ltr'>num</span> 
     </span>
     <span class='ocr_line' id='line_1_11' title="bbox 481 1053 1976 1109; baseline 0.001 -15"><span class='ocrx_word' id='word_1_90' title='bbox 481 1053 542 1095; x_wconf 91' lang='lat' dir='ltr'>illa</span> <span class='ocrx_word' id='word_1_91' title='bbox 563 1054 744 1108; x_wconf 87' lang='lat' dir='ltr'>particula</span> <span class='ocrx_word' id='word_1_92' title='bbox 765 1056 934 1107; x_wconf 88' lang='lat' dir='ltr'>genuina</span> <span class='ocrx_word' id='word_1_93' title='bbox 963 1056 1023 1097; x_wconf 90' lang='lat' dir='ltr'>sit.</span> <span class='ocrx_word' id='word_1_94' title='bbox 1072 1054 1277 1096; x_wconf 87' lang='lat' dir='ltr'>Omittunt</span> <span class='ocrx_word' id='word_1_95' title='bbox 1296 1069 1380 1096; x_wconf 90' lang='lat' dir='ltr'>earn</span> <span class='ocrx_word' id='word_1_96' title='bbox 1412 1056 1637 1109; x_wconf 86' lang='lat' dir='ltr'>praesertim</span> <span class='ocrx_word' id='word_1_97' title='bbox 1670 1055 1863 1096; x_wconf 83' lang='lat' dir='ltr'>Barnabae</span> <span class='ocrx_word' id='word_1_98' title='bbox 1895 1056 1976 1109; x_wconf 90' lang='lat' dir='ltr'>epi-</span> 
     </span>
     <span class='ocr_line' id='line_1_12' title="bbox 482 1119 1976 1175; baseline 0.001 -16"><span class='ocrx_word' id='word_1_99' title='bbox 482 1119 579 1160; x_wconf 85' lang='lat' dir='ltr'>stula</span> <span class='ocrx_word' id='word_1_100' title='bbox 609 1134 641 1160; x_wconf 85' lang='lat' dir='ltr'>c.</span> <span class='ocrx_word' id='word_1_101' title='bbox 676 1132 736 1170; x_wconf 88' lang='lat'>19,</span> <span class='ocrx_word' id='word_1_102' title='bbox 777 1119 962 1161; x_wconf 90' lang='lat' dir='ltr'>Canones</span> <span class='ocrx_word' id='word_1_103' title='bbox 991 1119 1261 1175; x_wconf 86' lang='lat' dir='ltr'>apostolorum</span> <span class='ocrx_word' id='word_1_104' title='bbox 1293 1120 1538 1161; x_wconf 87' lang='lat' dir='ltr'>ecclesiastici</span> <span class='ocrx_word' id='word_1_105' title='bbox 1568 1120 1628 1161; x_wconf 88' lang='lat' dir='ltr'>vel</span> <span class='ocrx_word' id='word_1_106' title='bbox 1658 1120 1817 1170; x_wconf 91' lang='lat' dir='ltr'>libellus,</span> <span class='ocrx_word' id='word_1_107' title='bbox 1853 1134 1976 1175; x_wconf 89' lang='lat' dir='ltr'>quem</span> 
     </span>
     <span class='ocr_line' id='line_1_13' title="bbox 482 1184 1977 1239; baseline 0.001 -15"><span class='ocrx_word' id='word_1_108' title='bbox 482 1184 670 1225; x_wconf 83' lang='lat' dir='ltr'>Germani</span> <span class='ocrx_word' id='word_1_109' title='bbox 714 1184 962 1239; x_wconf 83' lang='lat' dir='ltr'>Apostolische</span> <span class='ocrx_word' id='word_1_110' title='bbox 1001 1185 1339 1239; x_wconf 76' lang='lat' dir='ltr'>Kirchenordnung</span> <span class='ocrx_word' id='word_1_111' title='bbox 1383 1199 1605 1238; x_wconf 87' lang='lat' dir='ltr'>nuncupare</span> <span class='ocrx_word' id='word_1_112' title='bbox 1654 1185 1794 1234; x_wconf 86' lang='lat' dir='ltr'>solent,</span> <span class='ocrx_word' id='word_1_113' title='bbox 1842 1187 1977 1226; x_wconf 90' lang='lat' dir='ltr'>versio</span> 
     </span>
     <span class='ocr_line' id='line_1_14' title="bbox 482 1249 1977 1304; baseline 0.001 -15"><span class='ocrx_word' id='word_1_114' title='bbox 482 1250 692 1304; x_wconf 85' lang='lat' dir='ltr'>scripturae</span> <span class='ocrx_word' id='word_1_115' title='bbox 722 1249 836 1290; x_wconf 87' lang='lat' dir='ltr'>latina</span> <span class='ocrx_word' id='word_1_116' title='bbox 865 1250 926 1291; x_wconf 90' lang='lat' dir='ltr'>vel</span> <span class='ocrx_word' id='word_1_117' title='bbox 955 1251 1084 1304; x_wconf 87' lang='lat' dir='ltr'>potius</span> <span class='ocrx_word' id='word_1_118' title='bbox 1113 1251 1241 1291; x_wconf 88' lang='lat' dir='ltr'>versio</span> <span class='ocrx_word' id='word_1_119' title='bbox 1271 1251 1389 1304; x_wconf 86' lang='lat' dir='ltr'>partis</span> <span class='ocrx_word' id='word_1_120' title='bbox 1426 1250 1565 1304; x_wconf 89' lang='lat' dir='ltr'>prioris</span> <span class='ocrx_word' id='word_1_121' title='bbox 1595 1264 1663 1290; x_wconf 89' lang='lat' dir='ltr'>seu</span> <span class='ocrx_word' id='word_1_122' title='bbox 1700 1250 1977 1303; x_wconf 83' lang='lat' dir='ltr'>descriptionis</span> 
     </span>
     <span class='ocr_line' id='line_1_15' title="bbox 484 1313 2031 1369; baseline 0.001 -15"><span class='ocrx_word' id='word_1_123' title='bbox 484 1313 645 1355; x_wconf 86' lang='lat' dir='ltr'>duarum</span> <span class='ocrx_word' id='word_1_124' title='bbox 675 1315 837 1365; x_wconf 84' lang='lat' dir='ltr'>viarum,</span> <span class='ocrx_word' id='word_1_125' title='bbox 873 1329 970 1369; x_wconf 87' lang='lat' dir='ltr'>quae</span> <span class='ocrx_word' id='word_1_126' title='bbox 1005 1316 1086 1356; x_wconf 88' lang='lat' dir='ltr'>sola</span> <span class='ocrx_word' id='word_1_127' title='bbox 1121 1314 1169 1357; x_wconf 90' lang='lat' dir='ltr'>ad</span> <span class='ocrx_word' id='word_1_128' title='bbox 1199 1330 1271 1356; x_wconf 90' lang='lat' dir='ltr'>nos</span> <span class='ocrx_word' id='word_1_129' title='bbox 1309 1315 1497 1369; x_wconf 88' lang='lat' dir='ltr'>pervenit,</span> <span class='ocrx_word' id='word_1_130' title='bbox 1535 1314 1698 1356; x_wconf 87' lang='lat' dir='ltr'>fortasse</span> <span class='ocrx_word' id='word_1_131' title='bbox 1736 1316 1849 1356; x_wconf 88' lang='lat' dir='ltr'>etiam</span> <span class='ocrx_word' id='word_1_132' title='bbox 1892 1315 1979 1356; x_wconf 83' lang='lat' dir='ltr'>sola</span> <span class='ocrx_word' id='word_1_133' title='bbox 2028 1344 2031 1362; x_wconf 63' lang='grc'><strong><em>;</em></strong></span> 
     </span>
     <span class='ocr_line' id='line_1_16' title="bbox 482 1379 1977 1434; baseline 0.001 -15"><span class='ocrx_word' id='word_1_134' title='bbox 482 1393 504 1419; x_wconf 90' lang='lat' dir='ltr'>a</span> <span class='ocrx_word' id='word_1_135' title='bbox 532 1379 676 1420; x_wconf 90' lang='lat' dir='ltr'>Latinis</span> <span class='ocrx_word' id='word_1_136' title='bbox 705 1387 859 1432; x_wconf 82' lang='lat' dir='ltr'>recepta</span> <span class='ocrx_word' id='word_1_137' title='bbox 888 1379 969 1421; x_wconf 87' lang='lat' dir='ltr'>suit.</span> <span class='ocrx_word' id='word_1_138' title='bbox 1028 1380 1156 1422; x_wconf 87' lang='lat' dir='ltr'>Altera</span> <span class='ocrx_word' id='word_1_139' title='bbox 1194 1395 1239 1421; x_wconf 87' lang='lat' dir='ltr'>ex</span> <span class='ocrx_word' id='word_1_140' title='bbox 1274 1387 1381 1434; x_wconf 88' lang='lat' dir='ltr'>parte</span> <span class='ocrx_word' id='word_1_141' title='bbox 1418 1393 1498 1421; x_wconf 91' lang='lat' dir='ltr'>non</span> <span class='ocrx_word' id='word_1_142' title='bbox 1535 1380 1663 1420; x_wconf 91' lang='lat' dir='ltr'>solum</span> <span class='ocrx_word' id='word_1_143' title='bbox 1700 1387 1835 1421; x_wconf 85' lang='lat' dir='ltr'>auctor</span> <span class='ocrx_word' id='word_1_144' title='bbox 1865 1380 1977 1421; x_wconf 88' lang='lat' dir='ltr'>Con-</span> 
     </span>
     <span class='ocr_line' id='line_1_17' title="bbox 483 1444 1977 1498; baseline 0.001 -14"><span class='ocrx_word' id='word_1_145' title='bbox 483 1445 729 1486; x_wconf 89' lang='lat' dir='ltr'>stitutionum</span> <span class='ocrx_word' id='word_1_146' title='bbox 751 1445 974 1498; x_wconf 84' lang='lat' dir='ltr'>particulam</span> <span class='ocrx_word' id='word_1_147' title='bbox 997 1444 1102 1497; x_wconf 86' lang='lat' dir='ltr'>legit,</span> <span class='ocrx_word' id='word_1_148' title='bbox 1123 1445 1192 1486; x_wconf 88' lang='lat' dir='ltr'>sed</span> <span class='ocrx_word' id='word_1_149' title='bbox 1214 1446 1327 1486; x_wconf 88' lang='lat' dir='ltr'>etiam</span> <span class='ocrx_word' id='word_1_150' title='bbox 1351 1452 1485 1486; x_wconf 89' lang='lat' dir='ltr'>auctor</span> <span class='ocrx_word' id='word_1_151' title='bbox 1499 1444 1737 1486; x_wconf 85' lang='lat' dir='ltr'>Didascaliae</span> <span class='ocrx_word' id='word_1_152' title='bbox 1754 1452 1791 1485; x_wconf 90' lang='lat' dir='ltr'>et</span> <span class='ocrx_word' id='word_1_153' title='bbox 1804 1445 1977 1486; x_wconf 86' lang='lat' dir='ltr'>Hermas</span> 
     </span>
     <span class='ocr_line' id='line_1_18' title="bbox 482 1509 1976 1563; baseline 0.001 -14"><span class='ocrx_word' id='word_1_154' title='bbox 482 1522 569 1550; x_wconf 88' lang='lat' dir='ltr'>eam</span> <span class='ocrx_word' id='word_1_155' title='bbox 599 1511 799 1563; x_wconf 84' lang='lat' dir='ltr'>cognitam</span> <span class='ocrx_word' id='word_1_156' title='bbox 829 1510 1006 1551; x_wconf 84' lang='lat' dir='ltr'>habuisse</span> <span class='ocrx_word' id='word_1_157' title='bbox 1034 1510 1225 1551; x_wconf 88' lang='lat' dir='ltr'>videntur.</span> <span class='ocrx_word' id='word_1_158' title='bbox 1273 1510 1370 1551; x_wconf 87' lang='lat' dir='ltr'>Utut</span> <span class='ocrx_word' id='word_1_159' title='bbox 1398 1517 1526 1550; x_wconf 87' lang='lat' dir='ltr'>autem</span> <span class='ocrx_word' id='word_1_160' title='bbox 1558 1510 1652 1550; x_wconf 90' lang='lat' dir='ltr'>haec</span> <span class='ocrx_word' id='word_1_161' title='bbox 1682 1524 1742 1550; x_wconf 81' lang='lat' dir='ltr'>res</span> <span class='ocrx_word' id='word_1_162' title='bbox 1771 1524 1813 1550; x_wconf 91' lang='lat' dir='ltr'>se</span> <span class='ocrx_word' id='word_1_163' title='bbox 1844 1509 1976 1560; x_wconf 83' lang='lat' dir='ltr'>habet,</span> 
     </span>
     <span class='ocr_line' id='line_1_19' title="bbox 483 1574 1976 1629; baseline 0 -14"><span class='ocrx_word' id='word_1_164' title='bbox 483 1574 632 1615; x_wconf 88' lang='lat' dir='ltr'>etiamsi</span> <span class='ocrx_word' id='word_1_165' title='bbox 662 1574 843 1628; x_wconf 86' lang='lat' dir='ltr'>particula</span> <span class='ocrx_word' id='word_1_166' title='bbox 863 1574 923 1616; x_wconf 89' lang='lat' dir='ltr'>illa</span> <span class='ocrx_word' id='word_1_167' title='bbox 943 1576 1090 1617; x_wconf 90' lang='lat' dir='ltr'>auctori</span> <span class='ocrx_word' id='word_1_168' title='bbox 1110 1574 1359 1616; x_wconf 85' lang='lat' dir='ltr'>abiudicanda</span> <span class='ocrx_word' id='word_1_169' title='bbox 1380 1576 1440 1624; x_wconf 91' lang='lat' dir='ltr'>sit,</span> <span class='ocrx_word' id='word_1_170' title='bbox 1471 1589 1556 1629; x_wconf 88' lang='lat' dir='ltr'>pars</span> <span class='ocrx_word' id='word_1_171' title='bbox 1578 1576 1657 1628; x_wconf 88' lang='lat' dir='ltr'>ipsa</span> <span class='ocrx_word' id='word_1_172' title='bbox 1678 1574 1738 1615; x_wconf 88' lang='lat' dir='ltr'>vel</span> <span class='ocrx_word' id='word_1_173' title='bbox 1760 1574 1976 1629; x_wconf 88' lang='lat' dir='ltr'>descriptio</span> 
     </span>
     <span class='ocr_line' id='line_1_20' title="bbox 484 1638 1974 1695; baseline 0 -16"><span class='ocrx_word' id='word_1_174' title='bbox 484 1638 644 1681; x_wconf 87' lang='lat' dir='ltr'>duarum</span> <span class='ocrx_word' id='word_1_175' title='bbox 675 1640 822 1681; x_wconf 87' lang='lat' dir='ltr'>viarum</span> <span class='ocrx_word' id='word_1_176' title='bbox 859 1654 903 1681; x_wconf 90' lang='lat' dir='ltr'>ea</span> <span class='ocrx_word' id='word_1_177' title='bbox 939 1648 1009 1691; x_wconf 89' lang='lat' dir='ltr'>est,</span> <span class='ocrx_word' id='word_1_178' title='bbox 1046 1655 1143 1695; x_wconf 88' lang='lat' dir='ltr'>quae</span> <span class='ocrx_word' id='word_1_179' title='bbox 1178 1641 1372 1693; x_wconf 84' lang='lat' dir='ltr'>originem</span> <span class='ocrx_word' id='word_1_180' title='bbox 1410 1640 1539 1693; x_wconf 90' lang='lat' dir='ltr'>potius</span> <span class='ocrx_word' id='word_1_181' title='bbox 1577 1640 1824 1681; x_wconf 86' lang='lat' dir='ltr'>christianam</span> <span class='ocrx_word' id='word_1_182' title='bbox 1855 1653 1974 1693; x_wconf 86' lang='lat' dir='ltr'>quam</span> 
     </span>
     <span class='ocr_line' id='line_1_21' title="bbox 484 1704 852 1758; baseline 0.005 -14"><span class='ocrx_word' id='word_1_183' title='bbox 484 1704 673 1745; x_wconf 84' lang='lat' dir='ltr'>iudaicam</span> <span class='ocrx_word' id='word_1_184' title='bbox 703 1704 852 1758; x_wconf 84' lang='lat' dir='ltr'>prodat.</span> 
     </span>
    </p>

    <p class='ocr_par' dir='ltr' id='par_1_3' title="bbox 485 1768 1978 2136">
     <span class='ocr_line' id='line_1_22' title="bbox 594 1768 1976 1824; baseline -0.001 -14"><span class='ocrx_word' id='word_1_185' title='bbox 594 1768 812 1823; x_wconf 87' lang='lat' dir='ltr'>Scripturae</span> <span class='ocrx_word' id='word_1_186' title='bbox 833 1770 1076 1811; x_wconf 87' lang='lat' dir='ltr'>mentionem</span> <span class='ocrx_word' id='word_1_187' title='bbox 1101 1784 1321 1824; x_wconf 86' lang='lat' dir='ltr'>expressam</span> <span class='ocrx_word' id='word_1_188' title='bbox 1342 1768 1485 1811; x_wconf 85' lang='lat' dir='ltr'>faciunt</span> <span class='ocrx_word' id='word_1_189' title='bbox 1506 1769 1704 1819; x_wconf 87' lang='lat' dir='ltr'>Eusebius,</span> <span class='ocrx_word' id='word_1_190' title='bbox 1725 1770 1976 1820; x_wconf 83' lang='lat' dir='ltr'>Athanasius,</span> 
     </span>
     <span class='ocr_line' id='line_1_23' title="bbox 485 1833 1976 1889; baseline 0.001 -16"><span class='ocrx_word' id='word_1_191' title='bbox 485 1834 785 1889; x_wconf 85' lang='lat' dir='ltr'>Ps.-Cyprianus</span> <span class='ocrx_word' id='word_1_192' title='bbox 814 1834 876 1876; x_wconf 93' lang='lat' dir='ltr'>De</span> <span class='ocrx_word' id='word_1_193' title='bbox 904 1834 1147 1885; x_wconf 84' lang='lat' dir='ltr'>aleatoribus,</span> <span class='ocrx_word' id='word_1_194' title='bbox 1187 1834 1262 1885; x_wconf 88' lang='lat' dir='ltr'>alii,</span> <span class='ocrx_word' id='word_1_195' title='bbox 1302 1849 1400 1889; x_wconf 86' lang='lat' dir='ltr'>quos</span> <span class='ocrx_word' id='word_1_196' title='bbox 1444 1835 1482 1875; x_wconf 91' lang='lat' dir='ltr'>in</span> <span class='ocrx_word' id='word_1_197' title='bbox 1519 1834 1778 1876; x_wconf 88' lang='lat' dir='ltr'>Testimoniis</span> <span class='ocrx_word' id='word_1_198' title='bbox 1820 1833 1976 1887; x_wconf 83' lang='lat' dir='ltr'>collegi.</span> 
     </span>
     <span class='ocr_line' id='line_1_24' title="bbox 485 1898 1977 1954; baseline 0 -15"><span class='ocrx_word' id='word_1_199' title='bbox 485 1899 674 1940; x_wconf 90' lang='lat' dir='ltr'>Notitiam</span> <span class='ocrx_word' id='word_1_200' title='bbox 714 1901 795 1940; x_wconf 87' lang='lat' dir='ltr'>eius</span> <span class='ocrx_word' id='word_1_201' title='bbox 825 1900 995 1953; x_wconf 87' lang='lat' dir='ltr'>produnt</span> <span class='ocrx_word' id='word_1_202' title='bbox 1030 1901 1144 1941; x_wconf 86' lang='lat' dir='ltr'>etiam</span> <span class='ocrx_word' id='word_1_203' title='bbox 1181 1900 1320 1954; x_wconf 86' lang='lat' dir='ltr'>plures,</span> <span class='ocrx_word' id='word_1_204' title='bbox 1356 1899 1405 1940; x_wconf 92' lang='lat' dir='ltr'>de</span> <span class='ocrx_word' id='word_1_205' title='bbox 1440 1899 1575 1954; x_wconf 90' lang='lat' dir='ltr'>quibus</span> <span class='ocrx_word' id='word_1_206' title='bbox 1612 1899 1687 1940; x_wconf 84' lang='lat' dir='ltr'>dixi</span> <span class='ocrx_word' id='word_1_207' title='bbox 1724 1900 1762 1939; x_wconf 92' lang='lat' dir='ltr'>in</span> <span class='ocrx_word' id='word_1_208' title='bbox 1801 1898 1977 1940; x_wconf 88' lang='lat' dir='ltr'>editione</span> 
     </span>
     <span class='ocr_line' id='line_1_25' title="bbox 486 1964 1977 2018; baseline 0 -14"><span class='ocrx_word' id='word_1_209' title='bbox 486 1978 572 2005; x_wconf 89' lang='lat' dir='ltr'>mea</span> <span class='ocrx_word' id='word_1_210' title='bbox 592 1979 629 2018; x_wconf 90' lang='lat' dir='ltr'>p.</span> <span class='ocrx_word' id='word_1_211' title='bbox 651 1965 931 2006; x_wconf 85' lang='lat' dir='ltr'>V111-XX111</span> <span class='ocrx_word' id='word_1_212' title='bbox 960 1972 999 2007; x_wconf 92' lang='lat' dir='ltr'>et</span> <span class='ocrx_word' id='word_1_213' title='bbox 1023 1966 1062 2006; x_wconf 88' lang='lat' dir='ltr'>in</span> <span class='ocrx_word' id='word_1_214' title='bbox 1083 1964 1255 2006; x_wconf 85' lang='lat' dir='ltr'>Patribus</span> <span class='ocrx_word' id='word_1_215' title='bbox 1275 1964 1497 2018; x_wconf 89' lang='lat' dir='ltr'>apostolicis</span> <span class='ocrx_word' id='word_1_216' title='bbox 1522 1977 1618 2016; x_wconf 89' lang='lat'>1901</span> <span class='ocrx_word' id='word_1_217' title='bbox 1643 1971 1670 2006; x_wconf 84' lang='lat' dir='ltr'>t.</span> <span class='ocrx_word' id='word_1_218' title='bbox 1692 1964 1709 2004; x_wconf 92' lang='grc' dir='ltr'>Ι</span> <span class='ocrx_word' id='word_1_219' title='bbox 1731 1978 1767 2018; x_wconf 91' lang='lat' dir='ltr'>p.</span> <span class='ocrx_word' id='word_1_220' title='bbox 1790 1964 1977 2005; x_wconf 84' lang='lat' dir='ltr'><strong>VI—IX.</strong></span> 
     </span>
     <span class='ocr_line' id='line_1_26' title="bbox 485 2028 1978 2084; baseline -0.001 -14"><span class='ocrx_word' id='word_1_221' title='bbox 485 2029 633 2070; x_wconf 88' lang='lat' dir='ltr'>Ibidem</span> <span class='ocrx_word' id='word_1_222' title='bbox 675 2030 849 2071; x_wconf 88' lang='lat' dir='ltr'>invenies</span> <span class='ocrx_word' id='word_1_223' title='bbox 888 2029 1081 2071; x_wconf 87' lang='lat' dir='ltr'>editiones</span> <span class='ocrx_word' id='word_1_224' title='bbox 1121 2031 1331 2084; x_wconf 85' lang='lat' dir='ltr'>scripturae</span> <span class='ocrx_word' id='word_1_225' title='bbox 1369 2038 1483 2084; x_wconf 87' lang='lat' dir='ltr'>atque</span> <span class='ocrx_word' id='word_1_226' title='bbox 1522 2029 1802 2083; x_wconf 88' lang='lat' dir='ltr'>disputationes</span> <span class='ocrx_word' id='word_1_227' title='bbox 1844 2028 1892 2069; x_wconf 91' lang='lat' dir='ltr'>de</span> <span class='ocrx_word' id='word_1_228' title='bbox 1934 2042 1978 2070; x_wconf 84' lang='lat' dir='ltr'>ea</span> 
     </span>
     <span class='ocr_line' id='line_1_27' title="bbox 486 2094 968 2136; baseline 0 -1"><span class='ocrx_word' id='word_1_229' title='bbox 486 2095 676 2136; x_wconf 89' lang='lat' dir='ltr'>institutas</span> <span class='ocrx_word' id='word_1_230' title='bbox 706 2094 968 2136; x_wconf 86' lang='lat' dir='ltr'>creberrimas.</span> 
     </span>
    </p>

    <p class='ocr_par' dir='ltr' id='par_1_4' title="bbox 484 2157 2031 2798">
     <span class='ocr_line' id='line_1_28' title="bbox 594 2157 1978 2213; baseline -0.001 -13"><span class='ocrx_word' id='word_1_231' title='bbox 594 2160 681 2201; x_wconf 89' lang='lat' dir='ltr'>Hoc</span> <span class='ocrx_word' id='word_1_232' title='bbox 711 2159 800 2201; x_wconf 90' lang='lat' dir='ltr'>loco</span> <span class='ocrx_word' id='word_1_233' title='bbox 831 2161 946 2201; x_wconf 85' lang='lat' dir='ltr'>etiam</span> <span class='ocrx_word' id='word_1_234' title='bbox 977 2159 1183 2213; x_wconf 84' lang='lat' dir='ltr'>fragmenti</span> <span class='ocrx_word' id='word_1_235' title='bbox 1219 2161 1429 2212; x_wconf 88' lang='lat' dir='ltr'>scripturae</span> <span class='ocrx_word' id='word_1_236' title='bbox 1465 2159 1662 2213; x_wconf 86' lang='lat' dir='ltr'>amplioris</span> <span class='ocrx_word' id='word_1_237' title='bbox 1698 2159 1848 2199; x_wconf 86' lang='lat' dir='ltr'>mentio</span> <span class='ocrx_word' id='word_1_238' title='bbox 1885 2157 1978 2199; x_wconf 91' lang='lat' dir='ltr'>faci-</span> 
     </span>
     <span class='ocr_line' id='line_1_29' title="bbox 486 2224 1977 2279; baseline -0.001 -13"><span class='ocrx_word' id='word_1_239' title='bbox 486 2224 585 2266; x_wconf 84' lang='lat' dir='ltr'>enda</span> <span class='ocrx_word' id='word_1_240' title='bbox 612 2233 682 2274; x_wconf 90' lang='lat' dir='ltr'>est,</span> <span class='ocrx_word' id='word_1_241' title='bbox 711 2225 816 2279; x_wconf 89' lang='lat' dir='ltr'>quod</span> <span class='ocrx_word' id='word_1_242' title='bbox 837 2225 1095 2266; x_wconf 88' lang='lat' dir='ltr'>Testimoniis</span> <span class='ocrx_word' id='word_1_243' title='bbox 1124 2226 1198 2266; x_wconf 89' lang='lat' dir='ltr'>iam</span> <span class='ocrx_word' id='word_1_244' title='bbox 1222 2225 1418 2278; x_wconf 86' lang='lat' dir='ltr'>impressis</span> <span class='ocrx_word' id='word_1_245' title='bbox 1439 2225 1477 2265; x_wconf 91' lang='lat' dir='ltr'>in</span> <span class='ocrx_word' id='word_1_246' title='bbox 1500 2224 1676 2265; x_wconf 83' lang='lat' dir='ltr'>notitiam</span> <span class='ocrx_word' id='word_1_247' title='bbox 1700 2237 1827 2264; x_wconf 87' lang='lat' dir='ltr'>meam</span> <span class='ocrx_word' id='word_1_248' title='bbox 1848 2224 1977 2274; x_wconf 81' lang='lat' dir='ltr'>venit3</span> 
     </span>
     <span class='ocr_line' id='line_1_30' title="bbox 486 2288 1979 2344; baseline -0.001 -14"><span class='ocrx_word' id='word_1_249' title='bbox 486 2290 671 2330; x_wconf 90' lang='lat' dir='ltr'>volumen</span> <span class='ocrx_word' id='word_1_250' title='bbox 708 2291 812 2331; x_wconf 88' lang='lat' dir='ltr'>enim</span> <span class='ocrx_word' id='word_1_251' title='bbox 850 2291 960 2331; x_wconf 79' lang='lat' dir='ltr'>liuius</span> <span class='ocrx_word' id='word_1_252' title='bbox 997 2291 1126 2344; x_wconf 90' lang='lat' dir='ltr'>operis</span> <span class='ocrx_word' id='word_1_253' title='bbox 1161 2289 1375 2331; x_wconf 90' lang='lat' dir='ltr'>secundum</span> <span class='ocrx_word' id='word_1_254' title='bbox 1412 2297 1501 2330; x_wconf 85' lang='lat' dir='ltr'>ante</span> <span class='ocrx_word' id='word_1_255' title='bbox 1539 2290 1707 2344; x_wconf 91' lang='lat' dir='ltr'>primum</span> <span class='ocrx_word' id='word_1_256' title='bbox 1743 2288 1852 2342; x_wconf 88' lang='lat' dir='ltr'>prelo</span> <span class='ocrx_word' id='word_1_257' title='bbox 1887 2288 1979 2329; x_wconf 87' lang='lat' dir='ltr'>sub·</span> 
     </span>
     <span class='ocr_line' id='line_1_31' title="bbox 486 2353 1979 2409; baseline -0.001 -14"><span class='ocrx_word' id='word_1_258' title='bbox 486 2356 647 2396; x_wconf 89' lang='lat' dir='ltr'>missum</span> <span class='ocrx_word' id='word_1_259' title='bbox 678 2363 747 2396; x_wconf 90' lang='lat' dir='ltr'>est.</span> <span class='ocrx_word' id='word_1_260' title='bbox 796 2354 838 2395; x_wconf 94' lang='lat' dir='ltr'>In</span> <span class='ocrx_word' id='word_1_261' title='bbox 870 2356 1050 2396; x_wconf 90' lang='lat' dir='ltr'>versione</span> <span class='ocrx_word' id='word_1_262' title='bbox 1082 2356 1274 2409; x_wconf 90' lang='lat' dir='ltr'>epitomes</span> <span class='ocrx_word' id='word_1_263' title='bbox 1296 2353 1378 2395; x_wconf 87' lang='lat' dir='ltr'>libri</span> <span class='ocrx_word' id='word_1_264' title='bbox 1400 2354 1491 2395; x_wconf 87' lang='lat' dir='ltr'><strong>VIII</strong></span> <span class='ocrx_word' id='word_1_265' title='bbox 1512 2353 1851 2395; x_wconf 89' lang='lat' dir='ltr'>Constitutionum</span> <span class='ocrx_word' id='word_1_266' title='bbox 1882 2367 1979 2407; x_wconf 89' lang='lat' dir='ltr'>apo-</span> 
     </span>
     <span class='ocr_line' id='line_1_32' title="bbox 485 2417 1987 2473; baseline -0.001 -12"><span class='ocrx_word' id='word_1_267' title='bbox 485 2420 676 2461; x_wconf 85' lang='lat' dir='ltr'>stolorum</span> <span class='ocrx_word' id='word_1_268' title='bbox 707 2420 936 2473; x_wconf 83' lang='lat' dir='ltr'>aethiopica,</span> <span class='ocrx_word' id='word_1_269' title='bbox 975 2434 1089 2473; x_wconf 91' lang='lat' dir='ltr'>quam</span> <span class='ocrx_word' id='word_1_270' title='bbox 1122 2420 1171 2460; x_wconf 91' lang='lat' dir='ltr'>G.</span> <span class='ocrx_word' id='word_1_271' title='bbox 1203 2420 1359 2459; x_wconf 89' lang='lat' dir='ltr'>Horner</span> <span class='ocrx_word' id='word_1_272' title='bbox 1388 2420 1427 2459; x_wconf 91' lang='lat' dir='ltr'>in</span> <span class='ocrx_word' id='word_1_273' title='bbox 1458 2418 1575 2459; x_wconf 89' lang='lat' dir='ltr'>libro:</span> <span class='ocrx_word' id='word_1_274' title='bbox 1615 2417 1705 2459; x_wconf 89' lang='lat' dir='ltr'>The</span> <span class='ocrx_word' id='word_1_275' title='bbox 1735 2418 1906 2459; x_wconf 90' lang='lat' dir='ltr'>Statutes</span> <span class='ocrx_word' id='word_1_276' title='bbox 1937 2418 1987 2460; x_wconf 90' lang='lat' dir='ltr'>of</span> 
     </span>
     <span class='ocr_line' id='line_1_33' title="bbox 484 2482 1980 2539; baseline -0.001 -13"><span class='ocrx_word' id='word_1_277' title='bbox 484 2485 552 2526; x_wconf 88' lang='lat' dir='ltr'>the</span> <span class='ocrx_word' id='word_1_278' title='bbox 585 2485 770 2539; x_wconf 90' lang='lat' dir='ltr'>Apostles</span> <span class='ocrx_word' id='word_1_279' title='bbox 805 2499 851 2525; x_wconf 92' lang='lat' dir='ltr'>or</span> <span class='ocrx_word' id='word_1_280' title='bbox 886 2485 1072 2526; x_wconf 89' lang='lat' dir='ltr'>Canones</span> <span class='ocrx_word' id='word_1_281' title='bbox 1110 2484 1370 2534; x_wconf 85' lang='lat' dir='ltr'>ecclesiastici,</span> <span class='ocrx_word' id='word_1_282' title='bbox 1411 2498 1443 2525; x_wconf 91' lang='lat' dir='ltr'>a.</span> <span class='ocrx_word' id='word_1_283' title='bbox 1488 2496 1589 2536; x_wconf 89' lang='lat'>1904</span> <span class='ocrx_word' id='word_1_284' title='bbox 1626 2482 1845 2537; x_wconf 86' lang='lat' dir='ltr'>publicavit,</span> <span class='ocrx_word' id='word_1_285' title='bbox 1885 2492 1980 2537; x_wconf 90' lang='lat' dir='ltr'>post</span> 
     </span>
     <span class='ocr_line' id='line_1_34' title="bbox 486 2547 2031 2604; baseline -0.001 -14"><span class='ocrx_word' id='word_1_286' title='bbox 486 2558 633 2604; x_wconf 87' lang='lat' dir='ltr'>partem</span> <span class='ocrx_word' id='word_1_287' title='bbox 679 2551 841 2604; x_wconf 82' lang='lat' dir='ltr'>primam</span> <span class='ocrx_word' id='word_1_288' title='bbox 883 2564 952 2591; x_wconf 87' lang='lat' dir='ltr'>seu</span> <span class='ocrx_word' id='word_1_289' title='bbox 992 2556 1195 2591; x_wconf 90' lang='lat' dir='ltr'>tractatum</span> <span class='ocrx_word' id='word_1_290' title='bbox 1240 2548 1287 2590; x_wconf 92' lang='lat' dir='ltr'>de</span> <span class='ocrx_word' id='word_1_291' title='bbox 1326 2547 1618 2589; x_wconf 87' lang='lat' dir='ltr'>charismatibus</span> <span class='ocrx_word' id='word_1_292' title='bbox 1653 2555 1732 2589; x_wconf 88' lang='lat' dir='ltr'>tres</span> <span class='ocrx_word' id='word_1_293' title='bbox 1770 2547 1980 2601; x_wconf 86' lang='lat' dir='ltr'>particulae</span> <span class='ocrx_word' id='word_1_294' title='bbox 2027 2551 2031 2599; x_wconf 70' lang='lat' dir='ltr'>l</span> 
     </span>
     <span class='ocr_line' id='line_1_35' title="bbox 485 2612 2031 2669; baseline -0.001 -14"><span class='ocrx_word' id='word_1_295' title='bbox 485 2614 642 2656; x_wconf 88' lang='lat' dir='ltr'>aliarum</span> <span class='ocrx_word' id='word_1_296' title='bbox 665 2616 938 2668; x_wconf 86' lang='lat' dir='ltr'>scripturarum</span> <span class='ocrx_word' id='word_1_297' title='bbox 967 2615 1133 2656; x_wconf 86' lang='lat' dir='ltr'>insertae</span> <span class='ocrx_word' id='word_1_298' title='bbox 1152 2622 1255 2664; x_wconf 86' lang='lat' dir='ltr'>sunt,</span> <span class='ocrx_word' id='word_1_299' title='bbox 1282 2628 1335 2655; x_wconf 88' lang='lat' dir='ltr'>sc.</span> <span class='ocrx_word' id='word_1_300' title='bbox 1361 2626 1392 2654; x_wconf 93' lang='lat'>1.</span> <span class='ocrx_word' id='word_1_301' title='bbox 1414 2615 1502 2655; x_wconf 88' lang='lat' dir='ltr'>Act.</span> <span class='ocrx_word' id='word_1_302' title='bbox 1530 2625 1588 2664; x_wconf 83' lang='lat'>15,</span> <span class='ocrx_word' id='word_1_303' title='bbox 1613 2624 1663 2664; x_wconf 92' lang='lat'>29</span> <span class='ocrx_word' id='word_1_304' title='bbox 1685 2627 1753 2653; x_wconf 91' lang='lat' dir='ltr'>seu</span> <span class='ocrx_word' id='word_1_305' title='bbox 1774 2612 1978 2654; x_wconf 89' lang='lat' dir='ltr'>decretum</span> <span class='ocrx_word' id='word_1_306' title='bbox 2028 2636 2031 2669; x_wconf 88' lang='lat'>!</span> 
     </span>
     <span class='ocr_line' id='line_1_36' title="bbox 486 2677 2031 2733; baseline -0.001 -14"><span class='ocrx_word' id='word_1_307' title='bbox 486 2679 754 2733; x_wconf 89' lang='lat' dir='ltr'>apostolorum</span> <span class='ocrx_word' id='word_1_308' title='bbox 787 2679 1031 2721; x_wconf 85' lang='lat' dir='ltr'>Christianos</span> <span class='ocrx_word' id='word_1_309' title='bbox 1063 2693 1084 2720; x_wconf 91' lang='lat' dir='ltr'>e</span> <span class='ocrx_word' id='word_1_310' title='bbox 1113 2678 1321 2732; x_wconf 85' lang='lat' dir='ltr'>gentilibus</span> <span class='ocrx_word' id='word_1_311' title='bbox 1351 2685 1549 2732; x_wconf 87' lang='lat' dir='ltr'>spectans;</span> <span class='ocrx_word' id='word_1_312' title='bbox 1579 2689 1616 2718; x_wconf 85' lang='lat'>2.</span> <span class='ocrx_word' id='word_1_313' title='bbox 1647 2677 1822 2718; x_wconf 86' lang='lat' dir='ltr'>Didache</span> <span class='ocrx_word' id='word_1_314' title='bbox 1851 2677 1923 2727; x_wconf 92' lang='lat' dir='ltr'>XI,</span> <span class='ocrx_word' id='word_1_315' title='bbox 1957 2690 1976 2730; x_wconf 87' lang='lat'><em>3</em></span> <span class='ocrx_word' id='word_1_316' title='bbox 2028 2694 2031 2729; x_wconf 56' lang='grc' dir='ltr'><em>ᾗ</em></span> 
     </span>
     <span class='ocr_line' id='line_1_37' title="bbox 488 2738 2031 2798; baseline -0.001 -14"><span class='ocrx_word' id='word_1_317' title='bbox 488 2744 650 2795; x_wconf 81' lang='lat' dir='ltr'>-X111;</span> <span class='ocrx_word' id='word_1_318' title='bbox 683 2743 785 2794; x_wconf 92' lang='lat' dir='ltr'><strong>VIII,</strong></span> <span class='ocrx_word' id='word_1_319' title='bbox 820 2750 935 2784; x_wconf 75' lang='lat'>1—2³</span> <span class='ocrx_word' id='word_1_320' title='bbox 966 2743 998 2798; x_wconf 90' lang='lat'>(.</span> <span class='ocrx_word' id='word_1_321' title='bbox 1031 2777 1039 2785; x_wconf 91' lang='lat'><em>.</em></span> <span class='ocrx_word' id='word_1_322' title='bbox 1072 2776 1080 2785; x_wconf 95' lang='lat'><strong>.</strong></span> <span class='ocrx_word' id='word_1_323' title='bbox 1110 2743 1382 2798; x_wconf 76' lang='grc' dir='ltr'>εύαγγελίου);</span> <span class='ocrx_word' id='word_1_324' title='bbox 1417 2756 1450 2795; x_wconf 86' lang='lat'>3.</span> <span class='ocrx_word' id='word_1_325' title='bbox 1481 2742 1696 2784; x_wconf 87' lang='lat' dir='ltr'>Didascalia</span> <span class='ocrx_word' id='word_1_326' title='bbox 1725 2742 1772 2792; x_wconf 91' lang='lat'>11,</span> <span class='ocrx_word' id='word_1_327' title='bbox 1805 2755 1867 2795; x_wconf 84' lang='lat'>57.</span> <span class='ocrx_word' id='word_1_328' title='bbox 2028 2738 2031 2745; x_wconf 68' lang='lat'><em>¹</em></span> 
     </span>
    </p>
   </div>
  </div>
 </body>
</html>
