2457 3436
713 358 1033 389 consummans
1062 359 1327 388 Apos‘ronomm
1355 360 1388 392 v.
1416 361 1447 397 2,
1470 361 1566 397 2—3.
1589 362 1620 392 4.
1839 351 1916 390 241

457 455 695 508 Ιλισφημίαν,
731 452 791 502 ὥς
816 453 990 496 πάντων
1017 457 1281 506 Χριστιανῶν
1307 455 1542 506 χαιρόντων
1574 456 1640 496 ἐπὶ
1673 464 1761 504 τοῖς
1788 471 1918 508 ,παρα-

457 519 568 580 Q
599 519 753 572 ἔργοις·
788 519 854 562 διὸ
879 519 1042 572 μακρὰν
1076 516 1142 561 a'x’
1173 516 1316 561 αὐτῶν
1349 528 1529 572 χωρεῖτε.
1587 532 1624 562 2.
1660 511 1752 569 τοῖς·
1773 511 1918 573 μ-ένῗτ-ιῆ

457 584 504 626 Η
518 584 696 637 Χριστὸν
723 583 818 626 κατ’
843 584 1036 639 ἐπήρειαν
1063 583 1176 636 ,παρὰ
1205 589 1295 626 τῶν
1322 581 1482 634 ἀσεβῶν
1510 587 1833 639 συγκλειομένοις
1861 588 1917 634 εἷς

457 649 615 702 W
640 647 794 702 ἢκρὸς
820 648 1011 691 θάνατον
1038 649 1312 702 ἐκδιδομένοις
1339 647 1365 701 ἢ
1383 649 1490 701 πρὸς
1517 649 1641 702 δεσμὰ
1668 652 1736 691 καὶ
1755 641 1918 702 ἐξορίᾟ

456 713 537 767 &aa
553 716 710 766 σπουδῇ
727 718 931 768 βοηθεῖτε,
950 714 1004 756 τὰ
1018 715 1119 768 μέλη
1133 712 1252 766 ὑμῶν
1271 713 1462 768 ρυόμενοι
1483 715 1530 755 ἐκ
1543 720 1695 768 χειρῶν
1709 714 1917 768 ἀθέσμων.
1962 723 1983 755 5

456 789 478 830 ι.
498 780 562 820 καὶ
588 778 663 820 ἐάν
689 795 753 828 τις
780 778 922 828 αὕτοῑς
947 781 1206 833 συγκείμενος
1232 783 1421 833 κρατηθῇ
1443 781 1512 821 καὶ
1540 780 1688 828 αἰκίαις
1714 778 1917 833 ὑποπέσῃ,

456 842 625 896 ιιαᾶριός
651 844 776 894 ἐστιν,
805 841 871 886 ὅτι
890 844 1096 893 κοινωνὸς
1112 843 1335 896 μαρτύρων
1363 844 1523 896 ἐγένετο
1544 846 1614 886 καὶ
1638 844 1810 898 μιμητὴς
1828 850 1917 886 τοῖι

456 912 506 951 ὀὗ
531 911 716 960 Χριστοῦ
743 910 1019 968 παθημ-ιέτων.
1075 924 1114 963 4.
1148 910 1217 950 καὶ
1249 908 1327 962 γὰρ
1355 911 1420 950 καὶ
1455 907 1566 961 ἡμεῖς
1598 906 1702 961 ὑπὲρ
1736 912 1919 961 Χριστοῦ

455 973 626 1022 mildae
648 971 733 1016 ὑπὸ
752 974 920 1026 Καῖιίφα
939 977 1005 1015 καὶ
1029 970 1292 1026 Ἀλεξάνδρου
1309 977 1377 1016 καὶ
1398 973 1514 1016 Ἄννα
1535 974 1692 1028 πληγὰς
1709 975 1919 1025 λαβόντες,

455 1040 636 1091 ὀροντες
669 1038 863 1091 ἐξῄειμεν,
898 1037 964 1081 ὅτι
997 1038 1311 1098 κατηξιώθημεν
1343 1036 1420 1080 ὑπὲ
1422 1054 1448 1097 ρ
1474 1044 1552 1080 τοῦ
1586 1043 1770 1092 σωτῆρος
1800 1037 1918 1093 ἡμῶν
1945 1048 1983 1079 10

455 1106 600 1145 ααῦτα
625 1108 797 1146 παθεῖν’
824 1106 894 1146 καὶ
911 1102 1026 1156 ὑμεῖς
1040 1106 1199 1157 χαίρετε
1217 1109 1350 1145 ταῦτα
1373 1104 1611 1157 πάσχοντες,
1641 1119 1727 1164 S'E‘-
1725 1105 1918 1162 μακάριοι

455 1167 645 1221 νήσεσθε
679 1169 726 1210 ἐν
752 1169 884 1221 ἐκείνη
917 1174 969 1222 τῇ
998 1167 1135 1222 ἡμέρα.

530 1232 601 1275 111.
630 1235 714 1275 Καὶ
745 1234 844 1283 τοὺς
876 1235 1153 1286 διωκομένους
1184 1235 1228 1275 δὲ
1256 1234 1324 1276 διὰ
1350 1233 1427 1287 τὴν
1452 1236 1593 1276 ,πίστιν
1628 1235 1696 1275 καὶ
1723 1233 1848 1276 πόλιν
1874 1235 1919 1276 ἐκ

455 1297 591 1347 όλεως
614 1297 845 1352 φεύγοντας
872 1297 939 1340 διὰ
965 1299 1041 1352 τὴν
1066 1297 1239 1352 ἐντολὴν
1267 1303 1344 1340 τοῦ
1369 1301 1525 1352 κυρίου,
1553 1298 1920 1351 προσλαμβάνεσθε

454 1358 592 1413 ὒτοῦς,
625 1360 1019 1417 ἀντιλαμβανόμενοι
1053 1362 1197 1407 αὐτῶν
1224 1366 1292 1405 καὶ
1326 1363 1644 1417 ,προσδεχόμενοι
1677 1360 1831 1413 αὐτοὺς
1859 1363 1919 1413 ὡς
1945 1369 1985 1401 15

454 1427 651 1479 ἀρτυρας,
676 1431 898 1481 χαίροντες,
928 1445 993 1471 οτι
1011 1431 1207 1470 κοινωνοὶ
1228 1425 1370 1470 αὐτῶν
1388 1432 1464 1470 τοῦ
1483 1430 1665 1482 διωγμοῦ
1686 1430 1919 1484 γεγένησθε,

453 1494 705 1541 ινόσκοντες
732 1492 887 1541 αυτοὺς
903 1491 988 1545 ὑπὸ
1006 1499 1087 1535 τοῦ·
1111 1495 1256 1547 κυρίου
1276 1496 1598 1553 μεμακαρίσθαι.
1637 1505 1673 1535 2.
1703 1497 1827 1547 φησὶν
1845 1494 1920 1547 γὰρ

455 1556 573 1608 υτός·
601 1557 841 1611 „Mandaei
867 1559 969 1608 ἐστε,
999 1556 1102 1601 ὅταν
1121 1555 1377 1601 ὀνειδίσωσιν
1393 1557 1497 1611 ὑμᾶς
1525 1561 1594 1600 καὶ
1621 1558 1826 1610 διώξωσιν
1853 1560 1921 1600 καὶ

452 1624 601 1665 [amm
627 1628 715 1665 πᾶν
740 1623 932 1677 πονηρὸν
958 1622 1066 1676 ῥῆμα
1093 1622 1194 1665 καθ’
1220 1620 1340 1675 ὖμων
1368 1622 1611 1676 ψευδόμενοι
1638 1623 1777 1665 ἕνεκεν
1804 1623 1920 1676 ἐμοῦ·

453 1690 585 1739 αίρετε
602 1690 672 1730 καὶ
453 1686 1452 1748 ἀγαλλιᾶσθε,
969 1687 1033 1731 ὅτι
1053 1686 1076 1731 ὁ
1096 1688 1247 1741 μισθὸς
1264 1686 1386 1741 ὑμων
1401 1688 1531 1736 πολὺς
1544 1688 1591 1730 ἐν
1608 1697 1696 1737 τοῖς
1710 1687 1920 1739 ου’ρανοτς·
1945 1694 1987 1725 20

452 1751 568 1801 νὸτως
585 1752 666 1812 χὰρ
684 1752 858 1804 ἐδίωξαν
875 1753 974 1800 τοὺς
990 1752 1205 1807 προφήτας
1223 1754 1321 1801 τούς
1340 1753 1423 1805 πρὸ
1443 1750 1601 1812 ὖμῶῂνῆ
1639 1765 1675 1807 3.
1695 1755 1764 1794 καὶ
1779 1752 1921 1795 πάλιν·

454 1819 514 1865 ,Εἰ
537 1820 605 1871 ἔμε
633 1819 820 1869 ἐδίωξαν,
849 1816 956 1860 καὶζ
935 1823 1038 1871 υμᾶς
1065 1819 1311 1870 διώξουσιν“
1315 1852 1324 1867 ,
1353 1820 1420 1859 καὶ
1395 1817 1584 1876 -ἓξῇςῃ
1589 1817 1698 1876 ,Ἐὰν
1716 1820 1924 1860 διώκωσιν

452 1880 536 1935 ὃμᾰς
565 1884 612 1925 ἐν
624 1887 697 1942 τῇ
730 1883 852 1925 πόλει
886 1883 1027 1935 ταύτῃ,
1061 1884 1229 1936 φεύγετε
1255 1883 1313 1932 εἰς
1345 1882 1422 1934 τὴν
1456 1881 1626 1936 ἄλλην“,
1662 1882 1726 1924 ὅτι
1761 1884 1832 1933 ,,ἐν
1860 1890 1924 1936 τῷ

451 1947 574 2001 κόσμῳ
606 1948 748 1999 τούτῳ
780 1953 932 1998 θλὶψιν
964 1948 1088 2000 ἔχετε·
1126 1948 1445 2000 παραδώσουσιν
1478 1947 1557 2001 γὰρ
1585 1946 1686 1999 ὑμᾶς
1719 1939 1809 1996 είς-
1803 1962 1922 1990 συνα-

452 2014 577 2065 γωγάς,
606 2015 675 2054 καὶ
703 2013 771 2054 ἐπὶ
799 2011 999 2065 ἡγεμόνας
1027 2016 1094 2055 καὶ
1113 2017 1289 2063 βασιλεῖς
1309 2003 1540 2065 ἀχθήσεσθε
1568 2013 1706 2055 ἕνεκεν
1725 2014 1836 2064 ἐμοῦ,
1866 2014 1921 2062 εἰς
1946 2018 1988 2050 25

455 2079 701 2156 μαρτύριον
686 2076 846 2126 αὐτοῖς·
875 2080 943 2119 καὶ
971 2075 996 2120 ὁ
1013 2075 1233 2130 ὑπομείνας
1262 2079 1318 2126 εἰς
1341 2079 1470 2126 τέλος,
1500 2073 1623 2127 οὗτος
1650 2079 1922 2137 σωθήσεται“.

457 2156 483 2193 4.
507 2141 527 2184 ὁ
542 2143 620 2196 γὰρ
648 2142 870 2195 διωχθεὶς(
861 2143 997 2185 ἕνεκεν
1014 2147 1087 2197 τῆς
1113 2145 1289 2191 πίστεως
1308 2144 1376 2184 καὶ
1401 2142 1659 2196 μαρτυρήσας
1675 2145 1768 2195 περὶ
1795 2143 1924 2186 αυτοῦ

455 2210 506 2248 nai
530 2207 767 2260 υπομείνας,
797 2201 920 2256 οὗτος
947 2207 1153 2262 αληθῶς,
1158 2207 1398 2260 ,ἄνθρωπος
1426 2211 1571 2250 θεοῦ“.

541 2309 562 2340 9
585 2306 661 2338 Act.
675 2314 707 2344 4,
725 2305 756 2338 6.
781 2323 824 2331 -
849 2309 890 2339 10
912 2306 985 2338 Act.
1005 2314 1101 2347 5,4x.
1127 2323 1166 2329 —
1194 2309 1231 2340 11
1256 2305 1333 2338 Luc.
1351 2304 1381 2345 6,
1399 2313 1449 2337 ²2.
1469 2314 1518 2347 33.
1544 2324 1581 2328 —-
1609 2308 1647 2339 13
1671 2305 1728 2339 Mt.
1750 2315 1797 2345 10,
1815 2315 1866 2348 23·
1883 2326 1924 2331 —-

453 2361 484 2392 18
502 2359 559 2392 Mt.
585 2369 612 2402 5,
640 2369 691 2393 11.
718 2368 766 2395 ¹2.
792 2378 832 2382 —-
856 2362 899 2393 22
921 2358 1034 2393 Ioann.
1060 2368 1108 2402 ις,
1126 2368 1177 2393 20.
1201 2380 1243 2384 —
1265 2359 1324 2392 Mt.
1346 2368 1395 2398 ιο,
1412 2367 1461 2401 ²3-
1488 2377 1525 2383 —
1550 2362 1592 2393 23
1615 2359 1728 2392 Ioann.
1749 2358 1796 2397 16.
1817 2369 1864 2401 33.
1885 2378 1922 2382 —-

450 2414 481 2447 24
500 2413 557 2447 Mt.
586 2423 636 2453 ιο,
664 2423 713 2455 ι7.
741 2413 790 2447 18.
816 2421 867 2446 22.
891 2432 932 2438 -
954 2417 997 2447 28
1018 2413 1032 2447 1
1055 2413 1143 2447 Tim.
1165 2413 1196 2454 6,
1223 2423 1272 2447 11.

449 2494 481 2525 >
502 2489 524 2522 d
541 2492 547 2530 Ι
567 2490 631 2524 καὶ
654 2491 783 2530 προσδ.
805 2486 936 2528 αὐτοὺς
956 2494 1001 2528 >
1024 2489 1045 2521 b
1067 2499 1089 2522 o
1111 2492 1117 2531 Ι
1138 2492 1176 2523 16
1198 2492 1263 2523 τοῦ
1287 2491 1447 2531 διωγμοῦ
1470 2486 1589 2523 αὐτῶν
1613 2488 1634 2520 h
1657 2488 1677 2520 b
1700 2487 1720 2520 d
1744 2498 1764 2520 ο
1785 2489 1788 2528 Ι
1811 2486 1926 2530 γεγώ-

449 2555 534 2577 rama
561 2544 582 2577 b
604 2553 628 2577 o
647 2544 653 2585 Ι
675 2546 715 2577 17
737 2546 804 2578 τοῦ
827 2547 873 2582 >
895 2542 917 2575 d
940 2553 973 2577 m
996 2553 1016 2587 p
1040 2543 1085 2586 v!
1107 2546 1147 2578 18
1170 2540 1277 2581 αὐτός
1299 2554 1308 2576 :
1332 2540 1453 2581 αὐτοῖς
1477 2543 1496 2575 b
1519 2552 1540 2575 o
1561 2544 1567 2583 Ι
1587 2545 1627 2576 19
1650 2539 1735 2575 καθ’
1759 2538 1860 2583 ὑμῶν
1882 2547 1926 2580 >

449 2608 459 2629 ›
479 2607 500 2630 ο
519 2600 524 2639 1
544 2601 590 2632 20
605 2600 755 2636 πολλοῖς
778 2607 801 2630 ο
821 2598 826 2631 1
846 2599 896 2630 τῶ
914 2594 1056 2640 οὖρανιῦ
1073 2609 1093 2629 ν
1112 2600 1117 2638 Ι
1137 2601 1176 2631 21
1194 2596 1346 2637 ἐδίωξαν
1365 2599 1403 2636 -1-
1423 2598 1485 2630 καὶ
1508 2596 1528 2629 b
1552 2606 1573 2629 o
1593 2598 1598 2637 Ι
1617 2598 1659 2629 22
1684 2595 1719 2630 εί
1736 2599 1772 2635 -Ι-
1792 2598 1853 2629 καὶ
1870 2606 1892 2629 ο
1916 2597 1920 2638 Ι

449 2649 629 2692 ude-ovam
647 2656 685 2692 †
707 2649 727 2694 ἢ
749 2651 788 2695 (l.
804 2650 857 2694 εἰ)
872 2648 935 2685 τὸν
948 2648 1058 2694 λόγον
1071 2663 1143 2693 μου
1159 2648 1336 2695 ἐτήρησαν
1352 2651 1414 2684 καὶ
1429 2648 1492 2684 τὸν
1516 2647 1691 2693 ἡμέτερον
1713 2647 1929 2692 τηρήσουσιν

449 2717 457 2738 ν
477 2716 500 2740 ο
518 2708 525 2748 Ι
546 2705 629 2749 ἑξῆς
651 2711 695 2745 >
719 2706 740 2740 b
764 2715 787 2739 0
807 2705 814 2747 Ι
834 2702 1023 2745 διώξουσιν
1044 2705 1065 2738 b
1087 2716 1109 2739 ο
1128 2706 1194 2748 123
1219 2704 1261 2739 ἐκ
1283 2708 1346 2747 τῆς
1367 2702 1507 2743 πόλεως
1528 2702 1657 2747 ταύτης
1679 2704 1699 2736 b
1722 2714 1744 2737 ο
1762 2705 1766 2745 Ι
1789 2700 1898 2745 ἄλλην
1921 2716 1927 2736 :

449 2760 562 2803 πέραν
583 2771 620 2794 m
642 2771 663 2804 p
687 2762 797 2801 ’1124
821 2756 936 2804 τούτῳ
958 2764 1002 2798 >
1023 2770 1044 2792 a
1062 2761 1070 2801 Ι
1089 2756 1188 2799 ἕξετε
1212 2759 1232 2792 b
1256 2769 1277 2792 ο
1297 2760 1303 2800 Ι
1324 2756 1392 2801 γὰρ
1415 2763 1459 2797 2².
1481 2763 1526 2796 >
1550 2768 1568 2791 a
1588 2760 1593 2799 Ι
1619 2761 1660 2791 25
1686 2754 1865 2800 ἡγεμόνας
1889 2760 1927 2798 4-

447 2815 472 2849 Ιὲ
494 2826 528 2848 m
548 2817 555 2856 1
575 2812 705 2850 ἕνεκεν
720 2826 728 2847 ;
745 2810 856 2848 ἕνεκα
871 2813 904 2852 h,
929 2816 966 2855 †
984 2810 1094 2848 αὐτοῦ
1112 2823 1145 2846 m
1165 2818 1169 2853 Ι
1190 2817 1232 2848 27
1255 2814 1339 2856 περὶ
1357 2809 1467 2847 αὐτοῦ
1482 2817 1526 2851 >
1541 2812 1563 2845 h
1582 2815 1587 2853 Ι
1607 2814 1650 2846 28
1667 2808 1848 2854 ἀληθινῶς
1864 2822 1885 2845 o
1916 2812 1920 2851 Ι

447 2872 524 2905 θεοῦ
548 2881 555 2902 :
579 2872 647 2905 τοῦ
671 2872 708 2903 θ.
732 2869 753 2901 b
775 2867 798 2901 d

494 2925 618 2965 Fun,
642 2924 778 2957 Dmuc.
803 2932 842 2957 ιτ
864 2922 1010 2957 Cous-nr.
1031 2932 1083 2955 ΑΡ.
1127 2922 1152 2957 1.
1762 2922 1800 2953 16
