2457 3436
686 760 1096 819 SANCTORUM
1133 759 1631 820 APOSTOLORUM

800 848 1060 906 POENAE
1097 849 1226 906 PRO
1265 848 1509 907 LAPSIS.

512 1036 541 1077 1.
572 1037 612 1079 Si
641 1037 726 1091 quis
755 1037 963 1092 episcopus
992 1037 1054 1079 vel
1081 1037 1283 1093 presbyter
1311 1038 1463 1080 mulieri
1489 1038 1553 1080 dat
1572 1037 1750 1080 osculum
1779 1037 1900 1080 forni-

405 1102 585 1152 cationis,
616 1101 846 1157 deponatur.

515 1166 562 1207 11.
592 1166 633 1208 Si
662 1167 746 1222 quis
776 1167 983 1221 episcopus
1009 1167 1071 1208 vel
1089 1166 1294 1222 presbyter
1312 1167 1372 1209 vel
1394 1167 1582 1209 diaconus
1602 1166 1900 1222 apprehenderit
1945 1175 1966 1207 5

405 1231 612 1273 mulierem
641 1231 681 1272 in
711 1231 893 1280 tenebris,
923 1231 1152 1285 deponatur.

514 1295 579 1337 111.
621 1295 663 1337 Si
702 1297 787 1351 quis
824 1296 941 1337 laicus
980 1297 1117 1338 iniuria
1157 1296 1329 1339 affecerit
1366 1296 1625 1348 sacerdotem,
1664 1297 1900 1338 anathemati

404 1358 613 1402 subiaceat.

514 1425 584 1466 IV.
610 1425 784 1467 Clericus
804 1439 899 1467 vero
920 1426 951 1467 si
971 1426 1108 1467 iniuria
1129 1425 1297 1467 affecerit
1313 1425 1581 1481 presbyterum
1599 1425 1659 1467 vel
1675 1425 1899 1476 diaconum,

406 1491 784 1532 excommunicetur.
1924 1500 1966 1530 10

516 1554 566 1595 V.
603 1554 726 1605 Quod
755 1554 979 1597 sacerdotes
1014 1569 1097 1596 non
1126 1562 1285 1610 oportet
1314 1555 1425 1597 silere
1455 1562 1614 1610 propter
1650 1563 1798 1597 metum
1830 1556 1900 1597 hu—

405 1633 569 1660 manum
599 1619 648 1661 de
677 1620 745 1671 eis,
781 1620 846 1675 qui
875 1619 1018 1662 cadunt
1051 1619 1124 1661 sub
1153 1634 1285 1661 sacros
1314 1634 1506 1671 canones3
1541 1634 1641 1675 quos
1670 1621 1701 1661 si
1731 1634 1814 1661 non
1842 1634 1899 1661 ar-

404 1691 533 1737 guunt
561 1693 759 1739 opportune
787 1686 1006 1740 importune,
1035 1685 1105 1727 sed
1124 1693 1267 1735 tacent,
1296 1693 1433 1739 utpote
1452 1686 1638 1727 timentes
1659 1699 1729 1726 eos
1753 1685 1900 1741 deponi

404 1748 597 1791 iubemus.

516 1814 584 1856 VI.
623 1813 746 1865 Quod
775 1828 857 1856 non
887 1821 1047 1870 oportet
1074 1816 1174 1856 intra
1203 1814 1303 1856 duos
1332 1814 1581 1870 presbyteros
1609 1814 1791 1856 sedentes
1820 1814 1898 1856 dia·
1923 1823 1965 1854 15

405 1892 553 1921 conum
584 1880 727 1921 intrare
761 1888 988 1933 arroganter
1023 1888 1063 1922 et
1096 1879 1231 1921 sedere
1267 1880 1351 1921 sine
1387 1880 1560 1934 episcopi
1593 1879 1759 1930 licentia,
1795 1888 1834 1921 et
1866 1881 1898 1921 si

406 1943 716 1999 comprehensus
745 1943 861 1986 fuerit
896 1944 972 1985 hoc
1000 1944 1158 1995 faciens,
1194 1945 1558 1986 excommunicetur
1567 1961 1579 1996 ;
1614 1945 1731 1986 laicus
1768 1953 1898 1987 autem

406 2008 483 2050 hoc
513 2008 657 2050 faciens
685 2009 922 2051 anathemati
951 2009 1146 2051 subiaceat
1174 2017 1212 2050 et
1241 2009 1452 2063 expellatur
1480 2022 1527 2050 ex
1557 2009 1730 2051 ecclesia.

516 2073 601 2115 VII.
633 2073 756 2124 Quod
786 2088 866 2115 non
897 2074 987 2116 licet
1014 2074 1112 2115 laico
1133 2074 1270 2115 iniuria
1296 2072 1450 2115 afficere
1469 2074 1529 2115 vel
1551 2074 1756 2129 obiurgare
1775 2088 1899 2117 sacer-

406 2137 543 2180 dotem
563 2138 626 2181 vel
645 2140 684 2180 in
705 2140 927 2193 spectaculo
948 2153 1171 2195 proponere
1191 2139 1253 2181 vel
1267 2153 1460 2190 accusare,
1479 2148 1518 2181 et
1537 2140 1569 2181 si
1590 2140 1898 2194 comprehensus
1921 2147 1965 2178 20

406 2202 522 2245 fuerit
551 2203 628 2245 hoc
656 2203 813 2256 faciens,
843 2205 1078 2246 anathemati
1108 2204 1300 2246 subiaceat
1336 2212 1373 2245 et
1403 2204 1612 2260 expellatur
1643 2218 1690 2246 ex
1719 2203 1898 2255 ecclesia;

405 2268 494 2309 duci
521 2270 628 2311 enim
648 2269 782 2324 populi
807 2271 865 2310 tui
891 2284 962 2310 non
992 2270 1200 2310 maledices.

469 2359 473 2362 ·
516 2334 619 2376 VIII.
650 2334 773 2384 Quod
797 2349 880 2375 non
899 2333 988 2376 licet
1008 2334 1253 2376 sacerdotem
1274 2334 1490 2376 insolenter
1509 2335 1734 2389 permittere
1754 2333 1899 2388 aliquid

405 2397 510 2440 laicis
540 2399 601 2440 vel
630 2398 789 2450 clericis,
819 2407 883 2441 aut
912 2400 951 2440 in
981 2401 1241 2441 sanctuarium
1270 2398 1421 2453 ingredi
1451 2407 1516 2441 aut
1544 2399 1645 2440 aliud
1674 2397 1898 2454 quidquam,

405 2455 475 2504 sed
503 2462 704 2506 voluntate
735 2471 773 2505 et
801 2464 966 2506 consilio
996 2464 1156 2518 proprio
1186 2464 1409 2505 sacerdotis,
1921 2471 1963 2501 25

448 2581 554 2625 Ῑ(α’).
579 2583 716 2617 Basilius
739 2594 767 2617 c.
785 2593 827 2627 70
848 2585 916 2627 agit
939 2583 980 2617 de
998 2583 1119 2617 osculis
1229 2583 1275 2616 IV
1295 2580 1365 2626 (δ’).
1389 2583 1506 2617 Canon
1526 2583 1592 2616 sere
1609 2583 1649 2616 ad
1665 2582 1799 2616 verbum
1818 2592 1898 2615 con-

405 2635 578 2681 flagitiosis
606 2637 820 2671 diaconorum
848 2648 886 2671 ac
910 2638 1118 2682 presbytero·
1186 2637 1284 2671 sentit
1309 2648 1384 2671 cum
1408 2647 1535 2671 canone
1559 2637 1742 2681 apostolico
1767 2634 1816 2677 56.

405 2702 489 2724 rum.
1228 2691 1260 2724 V
1283 2688 1355 2733 (ε’).
1380 2691 1432 2725 Cf.
1455 2691 1483 2724 11
1508 2691 1595 2724 Tim.
1620 2700 1650 2731 4,
1675 2700 1704 2723 2.

448 2744 496 2778 111
508 2742 584 2787 (γ’).
602 2746 687 2778 Cum
700 2756 806 2778 canon
820 2746 906 2778 idem
919 2745 1008 2779 laicis
1020 2746 1119 2779 inter·
1210 2745 1290 2791 ,le
1312 2743 1383 2788 (ς’).
1408 2744 1460 2778 Cf.
1484 2745 1611 2778 Canon.
1636 2751 1740 2788 apost.
1765 2754 1793 2777 c.
1820 2754 1869 2785 55.

406 2799 490 2832 dicat
507 2799 595 2843 quod
611 2809 752 2843 sequens
771 2799 906 2840 clericis,
924 2799 965 2832 ad
978 2799 1119 2833 eundem
1228 2799 1306 2832 VIII
1330 2796 1404 2842 (η’).
1439 2798 1607 2832 Sententia
1637 2798 1722 2831 clara
1751 2803 1810 2838 est,
1842 2798 1900 2830 scd

405 2851 534 2887 fontem
558 2853 746 2887 referendus
771 2860 820 2887 est
843 2859 939 2898 atque
963 2853 1026 2887 hic.
1186 2853 1272 2886 male
1295 2863 1458 2897 expressa.
