2457 3436
898 388 1118 418 mmscma
1147 389 1424 418 Arosrommm.
1859 381 1906 418 ll

410 483 469 516 illo
486 483 562 516 loco
578 483 698 516 addant
713 486 864 526 χαλκαῖς
886 489 918 517 et
935 483 1020 517 hunc
1036 495 1111 517 cum
1128 484 1160 517 S.
1176 484 1338 529 Scriptura
1356 485 1403 517 sic
1421 483 1570 517 reddant:
1588 482 1682 528 ἔγνω
1700 486 1909 528 Μανασσῆς,

411 530 466 571 ὅτι
489 534 619 579 κύριος
640 534 748 577 αὐτός
770 536 868 572 ἐστιν
890 535 980 577 θεὸς
999 535 1122 580 μόνος.

521 606 560 645 4.
604 592 727 632 Hom.
748 592 934 641 XXVIII,
952 592 1022 634 PG
1045 594 1107 645 56,
1118 594 1226 646 ‘7782
1257 593 1339 643 Qui
1359 600 1464 643 sunt,
1492 594 1558 648 qui
1578 592 1776 634 laborant?
1825 593 1907 642 Qui

412 655 510 710 legis
547 657 732 698 iustitiam
769 664 991 711 operantur.
1048 657 1095 699 Et
1130 658 1195 711 qui
1231 665 1333 708 sunt,
1372 658 1436 712 qui
1475 658 1625 699 onerati
1660 658 1773 699 sunt?
1829 657 1906 711 Ipsi

413 721 556 771 Iudaei,
586 721 724 776 quibus
744 729 835 776 post
854 720 1112 763 idololatriam
1133 722 1240 763 vituli
1269 721 1356 763 talia
1383 722 1479 776 legis
1509 721 1688 764 mandata
1717 723 1907 777 imposuit

412 786 562 836 Moses,
592 786 632 827 in
662 786 799 841 quibus
828 800 1041 841 numquam
1072 801 1114 828 se
1134 786 1382 841 explicarent.
1414 819 1422 828 .
1455 819 1463 828 .
1496 819 1505 828 .
1536 787 1583 829 Et
1610 786 1712 842 apud
1741 786 1906 829 Iudaeos

413 849 571 906 quidem
604 858 685 892 erat
712 850 774 892 lex
801 851 896 892 levis
926 858 965 892 et
993 852 1104 902 iusta,
1133 851 1172 893 id
1202 859 1260 893 est
1280 851 1502 905 decalogus,
1532 866 1648 906 quem
1670 859 1760 893 ante
1780 851 1906 894 idolo-

412 915 562 957 latriam
592 923 844 970 acceperunt3
883 915 951 957 sed
985 917 1070 957 sine
1105 917 1227 969 gratia
1255 916 1524 958 inveniebatur
1551 918 1692 970 gravis.
1723 948 1733 957 .
1763 949 1773 958 .
1805 949 1814 958 .
1843 917 1906 958 In-

414 981 581 1036 expertis
611 981 717 1022 enim
747 981 874 1033 gravis
900 988 958 1022 est
976 981 1118 1022 iustitia
1138 981 1297 1032 Christi,
1326 982 1495 1036 expertis
1522 989 1653 1023 autern
1677 982 1804 1022 suavis
1834 989 1905 1023 est.

412 1045 516 1100 Ergo
545 1045 609 1087 lex
637 1045 800 1086 immitis
827 1045 912 1094 fuit,
947 1046 1048 1101 quia,
1084 1045 1266 1101 quicquid
1301 1045 1512 1097 mandavit,
1548 1047 1587 1087 in
1617 1047 1671 1086 ira
1700 1060 1767 1088 sua
1796 1060 1905 1087 man-

414 1109 515 1152 davit
544 1117 636 1164 post
664 1108 813 1151 idolum
848 1109 1088 1161 fabricatum,
1125 1125 1207 1152 non
1242 1118 1284 1152 ut
1318 1111 1451 1162 salvet,
1486 1110 1556 1153 sed
1591 1119 1632 1153 ut
1667 1112 1800 1165 puniat
1835 1126 1905 1153 eos

412 1174 629 1216 secundum
661 1174 840 1216 duritiam
871 1174 1000 1216 cordis
1029 1190 1182 1217 eorum.

519 1239 711 1273 Sententiae
734 1245 766 1272 et
790 1249 829 1273 ex
853 1245 943 1283 parte
969 1240 1069 1273 etiam
1085 1240 1183 1273 verba
1199 1240 1406 1273 inveniuntur
1421 1240 1551 1274 Didasc.
1572 1247 1604 1274 et
1621 1240 1761 1274 Constit.
1778 1240 1802 1280 1,
1823 1250 1849 1280 1,
1869 1250 1904 1282 7;

413 1292 440 1334 6,
462 1294 569 1337 8—9;
591 1293 649 1334 VI,
673 1302 724 1334 20,
748 1292 778 1334 6,
811 1300 844 1327 et
867 1293 955 1326 illam
984 1294 1174 1337 scripturam
1204 1298 1318 1326 auctor
1344 1294 1430 1326 haud
1459 1294 1554 1327 dubie
1583 1294 1615 1327 in
1645 1300 1755 1328 mente
1783 1294 1904 1334 habuit,

413 1358 507 1391 quam
532 1357 569 1380 se
592 1347 715 1391 legisse
739 1347 837 1380 etiam
860 1347 931 1381 aliis
953 1347 1035 1381 locis
1059 1348 1212 1381 ostendit.

521 1413 557 1454 5.
588 1401 711 1443 Hom.
731 1401 874 1451 XLIV,
902 1401 971 1443 PG
994 1403 1057 1454 56,
1079 1402 1174 1454 858:
1207 1402 1356 1451 Homo,
1386 1402 1418 1443 si
1443 1401 1489 1443 ab
1511 1402 1614 1443 intus
1634 1402 1800 1455 peccatis
1821 1415 1902 1442 non

412 1464 526 1507 fuerit
555 1465 788 1517 sordidatus,
818 1474 857 1508 et
885 1467 917 1507 si
937 1480 1136 1522 nunquam
1166 1467 1338 1520 tetigerit
1365 1480 1518 1521 aquam,
1548 1465 1717 1507 mundus
1738 1475 1796 1507 est
1814 1473 1904 1507 ante

412 1530 565 1582 Deum;
595 1531 627 1572 si
655 1538 786 1573 autem
808 1532 1039 1586 peccaverit,
1067 1539 1107 1573 et
1125 1533 1158 1572 si
1176 1539 1264 1573 toto
1286 1530 1425 1586 pelago
1451 1538 1490 1573 et
1509 1532 1658 1572 cunctis
1678 1530 1903 1572 fluminibus

410 1609 451 1636 se
478 1594 629 1646 laverit,
657 1595 838 1637 sordidus
869 1603 907 1638 et
936 1597 1047 1649 niger
1077 1603 1135 1637 est
1163 1604 1253 1637 ante
1281 1597 1426 1638 Deum.

518 1659 639 1701 Locus,
664 1661 809 1704 inprimis
834 1672 907 1704 pars
929 1661 1039 1700 altera,
1062 1667 1130 1694 tam
1153 1671 1255 1705 prope
1280 1660 1321 1694 ad
1343 1659 1561 1694 Didascaliam
1585 1666 1616 1693 et
1641 1659 1903 1693 Constitutiones

409 1713 465 1754 vl,
491 1723 544 1758 29,
567 1723 588 1754 4
611 1714 747 1753 accedit,
771 1720 806 1747 ut
829 1715 948 1748 merito
971 1715 1010 1747 ad
1034 1715 1122 1748 illam
1146 1715 1339 1758 scripturam
1361 1714 1525 1748 reseratur.

520 1770 558 1809 6.
596 1768 718 1809 Hom.
748 1768 777 1818 1,
813 1768 882 1810 PG
914 1770 977 1821 56,
1007 1770 1103 1810 618:
1143 1768 1309 1824 Semper
1337 1776 1467 1810 autem
1497 1768 1671 1810 decimus
1702 1782 1902 1818 numerus,

408 1834 499 1888 quia
528 1840 588 1875 est
616 1847 804 1875 numerus
838 1833 1102 1888 perfectionis„
1138 1834 1367 1888 mysterium
1404 1833 1519 1875 habet
1549 1833 1694 1874 Christi
1722 1832 1901 1888 perfecti:

408 1905 573 1952 propter
606 1898 714 1953 quod
749 1905 787 1941 et
823 1899 945 1952 prima
981 1899 1105 1940 littera
1143 1899 1318 1940 nominis
1352 1899 1438 1939 Iesu
1479 1899 1557 1939 iota
1598 1897 1723 1947 habet,
1765 1896 1903 1938 decem

408 1962 617 2005 denotans.

518 2027 610 2061 Haec
632 2027 794 2060 sententia
818 2028 903 2071 apud
927 2033 1056 2060 veteres
1080 2027 1210 2071 quidem
1235 2027 1444 2060 usitatissima
1468 2033 1552 2066 erat;
1577 2037 1651 2059 cum
1669 2032 1778 2060 autem
1803 2028 1901 2059 etiam

406 2082 440 2115 in
464 2081 652 2115 Didascalia
675 2081 812 2125 legatur,
845 2082 895 2115 cui
925 2086 1037 2115 auctor
1067 2081 1167 2114 multa
1197 2081 1303 2120 debet,
1333 2081 1387 2114 ille
1416 2081 1507 2114 locus
1536 2080 1577 2114 ad
1600 2081 1685 2114 hanc
1708 2081 1902 2124 scripturam

407 2135 600 2169 referendus
622 2145 699 2168 esse
720 2134 857 2169 videtur.
903 2134 955 2168 Cf.
980 2135 1054 2168 Did.
1079 2140 1110 2168 et
1134 2135 1275 2169 Constit.
1299 2136 1338 2173 ΙΙ,
1361 2135 1413 2174 26,
1437 2136 1467 2171 8.
1492 2154 1533 2160 —-

518 2189 614 2233 Opus
636 2189 866 2233 imperfectum
889 2190 921 2222 in
944 2189 1109 2222 codicibus
1123 2189 1156 2222 S.
1175 2189 1419 2234 Chrysostomo
1442 2190 1624 2222 attribuitur
1646 2194 1679 2222 et
1702 2190 1785 2222 inter
1801 2199 1901 2233 opera

406 2244 504 2278 huius
529 2244 630 2287 patris
654 2243 885 2286 publicabatur.
925 2244 1105 2276 Auctorem
1127 2243 1285 2276 Arianum
1307 2243 1409 2276 fuisse
1432 2253 1550 2276 omnes
1574 2254 1660 2276 nunc
1683 2244 1902 2276 consentiunt.

407 2298 462 2331 De
488 2298 559 2331 eius
582 2303 690 2331 aetate
714 2304 824 2331 autern
848 2297 953 2330 adhuc
977 2298 1158 2330 sententiae
1182 2296 1365 2341 divergunt.
1402 2297 1509 2330 Pauca
1531 2303 1657 2330 tantum
1682 2297 1736 2329 hic
1759 2297 1902 2329 notanda

406 2358 494 2386 sunt.
531 2350 748 2384 Montfaucon
764 2352 797 2384 in
810 2350 1062 2394 Prolegomenis
1078 2352 1116 2384 ad
1137 2351 1314 2384 editionem
1331 2361 1422 2383 suam
1440 2350 1689 2395 (chrysostomi
1706 2361 1782 2394 opp.
1799 2356 1821 2382 t.
1841 2350 1901 2391 VI)

405 2406 527 2439 librum
545 2405 680 2439 saeculo
695 2405 742 2438 VI
760 2405 891 2438 exeunti
910 2405 961 2438 vel
979 2405 1112 2438 saeculo
1130 2405 1188 2438 VII
1205 2405 1408 2438 adiudicavit.
1447 2405 1488 2438 G.
1504 2404 1639 2438 Salmon
1663 2405 1695 2436 in
1714 2405 1902 2447 victimat-y

404 2461 445 2504 of
467 2460 630 2493 Christian
654 2459 833 2504 Biograplqv
856 2459 902 2492 IV
924 2459 1052 2501 (1887),
1078 2468 1248 2501 510-514
1277 2465 1445 2491 auctorem
1471 2458 1685 2491 Maximinum
1709 2457 1899 2491 Gothorum

405 2515 602 2558 episcopum
625 2512 727 2546 fuisse
749 2512 899 2553 coniecit,
923 2524 1065 2557 quocum
1084 2513 1286 2556 Augustinus
1310 2512 1484 2556 disputavit
1507 2511 1669 2554 (Collatio
1692 2522 1768 2544 cum
1792 2511 1896 2544 Maxi-

404 2569 499 2602 mino
523 2568 722 2600 Arianorum
745 2568 913 2611 episcopo,
936 2567 1050 2611 Migne
1074 2566 1126 2599 PL
1149 2576 1202 2607 42,
1227 2569 1306 2611 709)
1330 2576 1492 2610 quemque
1515 2566 1548 2599 in
1572 2566 1697 2599 duobus
1721 2566 1808 2598 libris
1829 2566 1900 2608 (PL

403 2631 458 2662 42,
476 2622 556 2664 743)
572 2622 787 2665 impugnavit.
825 2621 866 2654 G.
884 2621 1080 2654 Kauffmann
1104 2621 1135 2654 in
1156 2621 1351 2664 Allgemeine
1367 2621 1512 2663 Zeitung,
1528 2620 1658 2662 Beilage
1676 2621 1757 2663 1897
1774 2620 1831 2653 Nr.
1847 2629 1901 2660 44,

403 2682 576 2709 auctorem
592 2674 761 2719 Ulphilam
779 2675 928 2708 Gothum
944 2675 1043 2708 fuisse
1062 2675 1213 2718 opinatus
1237 2681 1296 2713 est,
1319 2675 1404 2707 haud
1420 2675 1516 2707 dubie
1539 2680 1647 2707 autem
1673 2675 1799 2712 erravit,
1823 2684 1899 2707 cum

403 2730 562 2774 scriptura
586 2734 696 2763 aetate
719 2728 871 2772 Ulphilae
894 2729 929 2771 (†
949 2730 1022 2771 383)
1046 2734 1134 2762 certe
1157 2729 1292 2761 inferior
1315 2729 1366 2762 sit.
1405 2727 1456 2762 Ct'.
1474 2729 1565 2769 Vogt
1588 2729 1619 2760 in
1645 2728 1824 2771 Ζειίςεὺνζῐι
1837 2729 1901 2771 [ἡν

403 2784 559 2817 deutsches
578 2784 738 2816 Altertum
760 2783 840 2827 1898
857 2793 888 2826 p.
908 2783 1091 2826 317-381;
1112 2782 1439 2816 Bohmer-Romundt
1458 2783 1489 2815 in
1509 2782 1755 2825 Zeitschrc'ststir
1772 2783 1899 2814 wissen-

402 2839 524 2882 schastl.
548 2837 716 2880 Theologie
741 2846 819 2881 ¹903
846 2848 876 2880 p.
895 2836 1080 2880 233—2693
1107 2837 1292 2879 361—4073
1317 2836 1405 2869 Funk
1429 2836 1461 2868 in
1483 2836 1625 2878 Theolog.
1652 2836 1901 2879 Quartalschrajft

407 2901 489 2935 ¹904
511 2904 542 2936 p.
565 2891 753 2932 424—428.
