2457 3436
739 376 1001 407 APoSTomRuu
1029 378 1109 413 viu,
1136 379 1167 415 6,
1193 380 1286 411 1—7.

1676 370 1757 408 479

470 472 655 527 Cumque
685 472 884 514 doctrinae
913 486 1138 514 sermonem
1169 472 1324 524 finierit,
1354 473 1442 515 dico
1473 488 1549 528 ego
1578 474 1756 517 Andreas

452 537 536 578 etri:
583 549 619 578 2.
655 537 855 579 Universis
893 538 1218 592 consurgentibus
1253 538 1441 579 diaconus
1478 539 1517 580 in
1557 539 1752 580 excelsum

452 601 642 643 scendens
670 602 902 657 proclamet:
936 604 999 644 Ne
1026 605 1112 658 quis
1140 604 1395 654 audientium,
1425 618 1475 645 ne
1504 604 1589 659 quis
1618 603 1755 646 infide-

452 699 458 708 .
488 668 548 708 Ac
574 666 729 708 silentio
757 666 860 709 facto
888 667 1005 710 dicat:
1037 668 1136 723 (Vl)
1167 668 1290 710 Orate
1320 668 1599 710 catechumeni.
1649 683 1686 722 4.
1708 669 1755 711 Et

455 731 563 773 deles
583 745 655 785 pro
676 731 748 773 illis
767 746 855 773 cum
876 733 1093 774 attentione
1111 741 1225 774 orent
1246 733 1438 774 dicentes:
1454 734 1574 788 Kyrie
1590 733 1751 776 eleison.
1776 744 1799 774 5

452 811 464 837 ς
481 810 578 838 vero
598 810 670 851 pro
690 797 744 838 eis
764 805 942 851 precetur
963 798 1114 839 dicens:
1146 810 1181 850 5.
1203 799 1280 839 Pro
1302 798 1591 840 catechumenis
1612 813 1754 840 omnes

452 869 576 903 utente
602 862 846 912 invocemus,
875 869 931 911 ut,
959 863 1024 917 qui
1053 863 1179 904 bonus
1208 877 1251 904 ac
1280 862 1485 904 hominum
1518 877 1652 904 amans
1681 871 1753 914 est,

452 926 634 968 exaudiat
652 940 776 967 eorum
799 935 927 981 preces
954 934 994 969 et
1021 927 1325 979 obsecrationes,
1355 936 1393 970 et
1413 936 1590 982 suscepta
1614 942 1752 970 eorum

453 992 547 1033 ione
565 1005 684 1046 opem
714 991 787 1033 illis
807 991 903 1034 ferat
921 1006 965 1033 ac
993 992 1053 1033 det
1073 994 1266 1047 petitiones
1290 993 1416 1033 cordis>
1429 994 1606 1047 ipsorum,
1636 1001 1752 1048 prout

452 1056 524 1107 dit3
558 1056 703 1099 revelet
732 1056 879 1099 eisdem
911 1058 1154 1110 evangelium
1186 1057 1332 1099 Christi
1361 1059 1432 1108 sui,
1462 1057 1653 1099 illuminet
1682 1072 1752 1100 eos

452 1130 520 1171 iat,
550 1121 698 1164 erudiat
726 1136 797 1164 eos
815 1123 1045 1176 cognitione
1066 1122 1212 1173 divina;
1242 1123 1370 1164 doceat
1398 1137 1456 1163 eos
1484 1123 1665 1165 mandata
1684 1137 1753 1164 sua

452 1188 618 1237 rationes,
644 1188 787 1228 inserat
814 1188 853 1228 in
875 1188 930 1228 eis
950 1195 1097 1228 castum
1118 1201 1162 1228 ac
1187 1187 1392 1228 salutarem
1417 1189 1602 1229 timorem
1623 1202 1752 1239 suum,

455 1265 547 1292 ures
581 1251 711 1293 cordis
741 1265 892 1303 eorum,
928 1259 969 1293 ut
995 1253 1042 1293 *in
1073 1253 1155 1293 eius
1188 1252 1275 1306 lege
1310 1251 1373 1293 die
1403 1267 1446 1294 ac
1482 1261 1600 1295 nocte
1635 1267 1752 1295 occu-

465 1318 502 1357 6.
533 1328 571 1358 et
602 1316 811 1358 confirmet
831 1330 900 1358 eos
930 1317 968 1358 in
998 1318 1153 1370 pietate,
1182 1316 1327 1358 adunet
1356 1325 1393 1358 et
1422 1317 1653 1359 adnumeret
1683 1332 1752 1359 eos

453 1395 506 1422 uo
545 1382 668 1435 gregi,
706 1380 859 1422 donatis
894 1382 950 1422 eis
987 1381 1141 1422 lavacro
1176 1383 1477 1436 regenerationis,
1516 1382 1751 1424 indumento

452 1446 577 1496 litatis,
611 1460 701 1487 vera
730 1447 825 1497 vita;
861 1446 996 1488 liberet
1023 1461 1119 1488 vero
1155 1461 1224 1487 eos
1258 1447 1305 1488 ab
1334 1448 1444 1489 omni
1480 1448 1678 1501 impietate
1714 1456 1752 1489 et

458 1510 590 1552 locum
613 1510 832 1552 adversario
853 1519 989 1553 contra
1017 1525 1100 1561 eos,
1129 1512 1280 1552 mundet
1307 1521 1431 1553 autem
1460 1514 1553 1567 ipsos
1583 1512 1630 1553 ab
1651 1514 1754 1553 omni

453 1583 540 1617 ento
566 1577 693 1616 carnis
721 1584 754 1616 et
780 1577 943 1631 spiritus,
978 1576 1225 1632 inhabitetque
1253 1578 1292 1617 in
1321 1578 1371 1617 eis
1407 1585 1516 1631 atque
1547 1577 1754 1618 inambulet

452 1648 553 1681 stum
584 1655 713 1691 suum,
742 1641 929 1682 benedicat
954 1643 1124 1682 introitus
1151 1655 1197 1682 ac
1217 1643 1337 1682 exitus
1364 1656 1490 1683 eorum
1518 1648 1633 1697 atque
1662 1656 1752 1696 pro—

453 1705 644 1747 oderetur
673 1707 719 1747 iis
748 1705 794 1747 ad
825 1706 1097 1748 commodum.
1156 1720 1191 1760 7.
1222 1707 1363 1749 Adhuc
1397 1708 1546 1748 intente
1575 1721 1647 1761 pro
1677 1707 1748 1749 illis
1772 1700 1821 1745 26

452 1784 536 1820 nus,
565 1778 607 1812 ut
628 1771 902 1812 remissionem
923 1770 1153 1813 delictorum
1176 1773 1376 1813 consecuti
1396 1786 1464 1826 per
1484 1771 1663 1826 baptismi
1693 1774 1751 1813 in-

453 1850 477 1876 n
499 1834 608 1889 digni
627 1834 724 1876 fiant
742 1836 884 1878 sanctis
905 1837 1100 1891 mysteriis
1121 1844 1158 1878 et
1184 1838 1459 1891 permansione
1480 1852 1569 1878 cum
1595 1838 1750 1880 sanctis.

476 2079 527 2107 est
557 2084 631 2107 cum
656 2084 740 2107 voce
768 2066 914 2109 ἄπιστοί
936 2085 974 2108 ac

452 2138 542 2161 mnes
571 2138 641 2168 eoS,
676 2128 730 2171 qui
758 2129 905 2162 nondum
934 2129 974 2162 ad

475 2192 516 2215 ne
545 2183 579 2215 in
602 2183 740 2227 gradum
765 2183 972 2215 catechume-

452 2236 543 2276 dem,
573 2237 705 2269 admissi
730 2242 830 2277 erant,
859 2237 974 2281 quibus

455 2290 548 2323 cebat
582 2290 718 2324 verbum
750 2290 813 2324 Dei
846 2291 973 2332 audire3

457 2344 607 2389 designat
636 2344 889 2378 catechumenos
919 2345 973 2378 vel

452 2408 474 2439 s,
498 2408 639 2442 quorum
663 2408 745 2431 unus
761 2399 880 2442 gradus
896 2399 973 2432 illud

453 2453 544 2493 ‘ebat3
569 2452 602 2485 hi
626 2452 715 2485 enim
738 2453 842 2486 adhuc
867 2463 972 2487 rema-

452 2512 531 2540 ›stea
556 2506 770 2540 dimittuntur.
812 2506 902 2540 Illius
924 2507 972 2540 di-

452 2560 585 2603 vestigia
610 2560 689 2593 alias
713 2571 779 2594 uon
803 2561 922 2594 inveni.

453 2615 519 2658 rh]
543 2613 596 2648 Cf.
621 2625 648 2648 c.
672 2623 720 2656 15,
743 2615 773 2648 8.

452 2679 505 2701 um
529 2669 592 2701 hac
616 2668 767 2701 oratione
787 2679 907 2713 magna
932 2679 970 2701 ex

452 2723 696 2767 msentit‚quam
713 2722 971 2767 chrysostomus

453 2801 461 2810 .
483 2777 575 2810 hom.
599 2776 640 2818 11,
663 2777 744 2818 5—·8
766 2777 832 2817 (ed.
849 2777 970 2811 Bened.

452 2831 501 2874 ιο)
523 2840 624 2875 super
646 2830 900 2865 catechumenos
922 2831 970 2863 di-

458 2885 733 2929 pronuntiandam
756 2885 895 2919 exhibet.
935 2885 970 2917 In

1040 2074 1122 2108 libro
1157 2085 1233 2107 meo
1269 2076 1332 2107 Die
1361 2075 1464 2119 Apost.
1497 2076 1751 2110 KonstitutIonen

1040 2139 1070 2171 p.
1098 2129 1264 2171 157—158
1288 2129 1385 2162 ambo
1408 2135 1525 2170 textus,
1554 2129 1635 2163 alter
1663 2131 1750 2163 iuxta

1039 2182 1176 2215 alterum
1211 2183 1347 2226 positus,
1380 2183 1543 2225 leguntur.
1601 2184 1750 2217 Meminit

1039 2237 1196 2269 orationis
1227 2237 1538 2271 catechumenorum
1572 2244 1604 2271 et
1639 2239 1750 2282 paeni-

1039 2292 1176 2324 tentium
1200 2291 1344 2335 synodus
1369 2291 1552 2324 Laodicena
1577 2303 1604 2325 c.
1633 2301 1680 2335 19.

1081 2344 1111 2378 6.
1141 2348 1203 2379 τοῦ
1227 2342 1422 2386 ἐνδύματος
1446 2348 1506 2387 τῆς
1528 2343 1750 2389 ἀφθαρσίας]

1038 2399 1090 2432 Sic
1108 2400 1205 2432 etiam
1223 2398 1401 2442 Gregorius
1419 2399 1497 2432 Naz.
1515 2399 1607 2432 Orat.
1624 2408 1667 2439 40
1683 2410 1710 2432 c.
1729 2408 1750 2439 4

1039 2453 1235 2495 baptismum
1260 2460 1293 2486 et
1312 2453 1402 2486 Orat.
1419 2462 1457 2495 45
1479 2464 1506 2486 c.
1529 2463 1562 2495 13
1582 2452 1750 2486 Christum

1039 2507 1206 2540 victimam
1236 2517 1294 2551 pro
1317 2507 1412 2540 nobis
1440 2517 1569 2540 caesam
1598 2506 1750 2550 appeunt,

1039 2567 1071 2594 et
1088 2561 1221 2594 Nicetas
1246 2561 1416 2594 Serronius
1441 2561 1577 2600 censuit,
1600 2571 1675 2594 eum
1699 2561 1750 2593 Io-

1039 2616 1204 2648 cutionem
1222 2625 1240 2648 a
1258 2614 1555 2648 Constitutionibus
1573 2621 1678 2659 apost.
1695 2626 1749 2648 ac-

1037 2669 1172 2712 cepisse.
1212 2668 1264 2701 Cf.
1281 2668 1496 2702 Testimonia.
1515 2689 1556 2694 —
1580 2672 1630 2714 τῷ
1646 2665 1750 2703 ἄλλο·

1037 2723 1139 2768 τρίῳ]
1164 2722 1215 2756 Cf.
1234 2723 1303 2763 VII,
1332 2734 1357 2763 1,
1384 2732 1416 2765 33
1440 2723 1492 2756 Ps.
1520 2724 1567 2763 18,
1595 2732 1649 2763 143
1672 2724 1748 2756 lust.

1038 2777 1121 2810 Dial.
1135 2787 1161 2810 c.
1174 2786 1228 2819 30:
1247 2774 1319 2810 ἀπὸ
1337 2780 1409 2810 τῶν
1424 2774 1632 2819 ἀλλοτρίων,
1647 2789 1750 2811 τουτ-

1039 2830 1135 2865 έστιν
1157 2829 1228 2864 ἀπὸ
1252 2834 1324 2864 τῶν
1338 2834 1505 2874 πονηρῶν
1527 2833 1589 2865 καὶ
1604 2828 1751 2865 πλάνων

1037 2882 1260 2926 πνευμάτωι.
