2457 3436
491 919 1059 978 CONSTITUTIONES
1097 918 1444 978 ECCLESIAE
1480 918 1951 978 AEGYPTIACAE.

1081 1133 1357 1184 [Prologus]

589 1252 622 1279 1.
657 1238 710 1279 Ea
737 1238 895 1293 quidem
925 1253 1024 1294 quae
1052 1238 1169 1280 verba
1197 1238 1352 1281 fuerunt
1381 1239 1499 1293 digne
1528 1240 1731 1293 posuimus
1767 1238 1816 1280 de
1845 1238 1965 1280 dona-

474 1303 661 1354 tionibus,
700 1311 842 1358 quanta
881 1303 1039 1358 quidem
1075 1303 1184 1345 Deus
1223 1318 1243 1345 a
1281 1304 1473 1358 principio
1511 1303 1726 1345 secundum
1768 1304 1965 1358 propriam

476 1367 719 1410 voluntatem
748 1369 937 1422 praestitit
957 1368 1195 1419 hominibus,
1224 1368 1402 1410 auferens
1424 1369 1480 1410 eis
1503 1382 1589 1410 eam
1610 1369 1838 1422 imaginem,
1867 1382 1965 1423 quae

473 1432 727 1475 aberraverat.
776 1445 813 1474 2.
842 1434 959 1474 Nunc
988 1440 1118 1475 autem
1149 1447 1196 1475 ex
1225 1434 1393 1484 caritate,
1422 1447 1538 1489 quam
1569 1434 1607 1474 in
1637 1447 1778 1474 omnes
1807 1440 1965 1474 sanctos

476 1497 620 1548 habuit,
636 1497 816 1553 producti
835 1497 883 1539 ad
902 1499 1089 1540 verticem
1108 1497 1340 1547 traditionis,
1359 1512 1458 1553 quae
1474 1498 1695 1549 catechizat,
1715 1497 1763 1539 ad
1785 1497 1965 1539 ecclesias

474 1565 730 1616 perreximus,
758 1570 802 1605 ut
827 1563 866 1614 ii,
896 1563 962 1618 qui
990 1563 1091 1605 bene
1119 1563 1225 1605 docti
1246 1570 1348 1613 sunt,
1378 1577 1463 1604 eam
1492 1576 1591 1618 quae
1610 1563 1823 1618 permansit
1843 1576 1965 1617 usque

475 1642 580 1669 nunc
617 1627 869 1670 traditionem
907 1627 1193 1682 exponentibus
1227 1627 1341 1669 nobis
1377 1626 1597 1670 custodiant
1632 1635 1671 1669 et
1706 1634 1965 1681 agnoscentes

475 1691 671 1734 firmiores
700 1700 896 1744 maneant,
925 1700 1087 1747 propter
1115 1707 1219 1743 eum,
1248 1693 1313 1747 qui
1342 1706 1466 1747 nuper
1486 1693 1666 1734 inventus
1686 1699 1747 1734 est
1766 1706 1834 1745 per
1853 1693 1965 1746 igno-

476 1758 642 1799 rantiam
671 1757 798 1812 lapsus
827 1757 888 1799 vel
916 1771 1037 1808 error,
1074 1765 1112 1800 et
1141 1758 1228 1808 hos,
1265 1758 1329 1812 qui
1358 1757 1553 1810 ignorant,
1582 1764 1800 1812 praestante
1829 1765 1966 1798 sancto

474 1823 611 1876 spiritu
641 1822 851 1877 perfectam
879 1823 1041 1877 gratiam
1080 1823 1148 1874 eis,
1184 1823 1249 1878 qui
1283 1830 1387 1864 recte
1424 1822 1598 1872 credunt,
1634 1829 1676 1863 ut
1711 1829 1966 1875 cognoscant,

475 1887 685 1943 quomodo
714 1895 872 1942 oportet
898 1887 1051 1930 tradere
1088 1895 1129 1929 et
1164 1886 1361 1929 custodire
1396 1888 1529 1928 omnia
1566 1900 1648 1937 eos,
1684 1887 1747 1940 qui
1784 1886 1967 1928 ecclesiae

476 1959 673 2007 praesunt.

587 2065 606 2095 3
629 2059 779 2094 auferens
804 2061 850 2093 eis
873 2072 880 2093 :
905 2060 1048 2094 offerens
1072 2060 1132 2093 sibi
1155 2060 1181 2092 L
1205 2059 1256 2093 vel
1280 2060 1384 2093 codex
1409 2062 1415 2102 1
1441 2063 1461 2093 6
1484 2059 1571 2092 docti
1595 2071 1602 2091 :
1626 2060 1714 2092 ducti
1736 2059 1762 2092 L
1787 2063 1793 2101 Ι
1820 2063 1856 2093 11
1888 2059 1968 2092 tradi

475 2121 508 2148 et
532 2114 689 2148 custodiri
711 2114 738 2147 L

523 2211 696 2255 Prologus.
725 2212 814 2245 Haec
838 2211 991 2256 particula
1015 2212 1192 2255 respondet

476 2266 775 2300 Constitutionibus
798 2266 1024 2310 apostolorum
1051 2266 1138 2306 VIII,
1165 2276 1192 2309 3.

478 2320 583 2354 Deest
599 2320 729 2364 quidem
745 2321 778 2353 in
794 2320 946 2354 versione
963 2320 1106 2364 coptica;
1128 2325 1192 2353 tra-

478 2375 564 2408 ditur
586 2379 696 2408 autem
728 2385 795 2408 non
820 2374 928 2408 solum
950 2384 1009 2418 per
1030 2374 1192 2414 Latinum,

477 2430 570 2462 cuius
587 2434 712 2462 textum
729 2429 781 2462 hic
799 2428 1000 2469 exhibemus,
1017 2428 1075 2462 sed
1094 2430 1191 2461 etiam

477 2484 606 2516 arabice
630 2484 662 2516 in
685 2483 767 2517 libro
785 2483 830 2516 111
850 2482 1047 2517 Octateuchi
1069 2492 1193 2528 aegyp-

478 2536 555 2569 tiaci
584 2537 695 2570 inserti
729 2537 762 2570 in
791 2536 1033 2570 Nomocanone
1061 2536 1194 2570 Macarii

477 2591 581 2630 (saec.
600 2590 705 2633 XIV).
749 2589 801 2624 Cf.
818 2590 942 2632 Riedel,
962 2591 1025 2623 Die
1040 2590 1193 2623 Kirchen-

480 2644 698 2689 rechtsquellen
726 2645 779 2678 des
810 2644 1025 2678 Patriarchats
1054 2645 1193 2678 Alexan-

478 2699 570 2731 ἀνίοι
597 2708 680 2742 1900
703 2710 734 2743 p.
760 2697 830 2733 126.
876 2699 953 2733 Non
977 2704 1027 2733 est
1050 2699 1193 2739 dubium,

479 2763 555 2786 eam
578 2758 704 2797 partem
723 2753 775 2786 vel
791 2753 1000 2797 prooemium
1018 2754 1194 2797 scripturae

479 2812 611 2841 nostrae
627 2817 701 2841 esse
716 2813 750 2841 et
766 2813 933 2841 auctorem
949 2813 1057 2841 textus
1076 2808 1195 2851 coptici

481 2860 631 2895 similiter
643 2867 740 2906 atque
755 2867 923 2895 auctorem
936 2861 1108 2905 Epitomes
1121 2872 1195 2895 eam

545 2916 667 2956 chx,
690 2916 821 2950 Dionae.
845 2927 884 2950 ετ
906 2916 1053 2951 Coum.
1075 2927 1125 2950 ΑΡ.
1171 2917 1210 2950 11.

1258 2219 1412 2256 tanquam
1429 2222 1489 2255 pro
1506 2212 1677 2256 proposito
1693 2221 1753 2244 suo
1773 2210 1968 2255 superfluam

1258 2267 1495 2309 praeterivisse.

1306 2330 1332 2353 1.
1359 2332 1394 2353 ea
1408 2339 1448 2344 —-
1462 2320 1647 2362 hominibus]
1667 2320 1756 2353 Haec
1773 2320 1969 2353 verbotenus

1260 2373 1327 2408 fere
1341 2374 1373 2406 in
1386 2374 1681 2408 Constitutionibus
1693 2379 1797 2417 apost.
1807 2374 1968 2417 leguntur.

1259 2448 1300 2454 —-
1323 2429 1362 2460 de
1378 2428 1611 2471 donationibus]
1635 2427 1853 2461 Praecedebat
1874 2427 1971 2471 igitur

1261 2482 1341 2516 olim
1365 2487 1518 2515 tractatus
1542 2481 1583 2515 de
1606 2481 1853 2515 charismatibus
1871 2497 1912 2509 =
1931 2481 1969 2515 C.

1260 2537 1300 2570 A.
1330 2536 1418 2577 VIII,
1451 2545 1543 2577 1-2,
1575 2536 1628 2580 qui
1657 2542 1767 2569 autem
1795 2536 1829 2569 in
1857 2535 1970 2569 codice

1260 2590 1362 2624 latino
1386 2590 1478 2624 deest
1501 2601 1538 2623 ac
1562 2595 1660 2631 certe,
1694 2590 1720 2622 si
1750 2589 1834 2623 sorte
1856 2590 1971 2632 deper-

1260 2645 1344 2678 ditus
1360 2650 1420 2685 est,
1443 2645 1476 2677 in
1493 2644 1577 2677 libro
1592 2654 1660 2677 non
1677 2643 1767 2676 illum
1785 2644 1895 2677 locum
1913 2644 1970 2677 ob-

1261 2700 1383 2733 tinebat
1395 2708 1502 2743 neque
1515 2699 1548 2731 in
1560 2699 1647 2731 libris
1657 2698 1867 2731 orientalibus
1877 2698 1972 2731 nobis

1261 2754 1385 2787 traditis
1409 2763 1485 2786 eum
1509 2752 1656 2786 obtinere
1680 2753 1814 2785 videtur.

1307 2817 1335 2841 2.
1359 2808 1403 2841 ad
1418 2808 1558 2841 ecclesias
1569 2808 1764 2851 perreximus
1782 2806 1852 2849 eta]
1876 2806 1974 2840 Simi-

1262 2862 1334 2895 liter
1357 2861 1541 2895 Didascalia
1564 2867 1670 2905 apost.
1693 2861 1750 2901 vl,
1777 2870 1826 2904 13,
1853 2870 1944 2893 1—2.

1827 2931 1837 2949 Ι

1993 1834 2034 1864 10
