2457 3436
515 365 821 397 consui-orionus
848 365 1111 395 APOSTomRUu
1138 366 1172 401 v,
1204 367 1254 404 14,
1276 367 1415 404 {zi—15,
1438 367 1470 398 2.
1651 356 1729 400 281

452 468 476 515 ,ᾗ
486 461 614 515 ἑβδόμῃ
633 460 762 514 ἡμέρα
781 456 1002 513 ἀλέκτορος
1019 460 1305 514 φωνήσαντος,
1326 457 1430 503 αὐτὸ
1448 462 1492 503 δὲ
1510 467 1737 515 νηστεῦσαι·

452 532 545 577 ἔικτον,
577 524 652 580 οὐχ
692 524 755 568 ὅτι
790 527 852 568 δεῖ
881 525 933 568 τὸ
968 526 1174 576 σάββατον
1209 526 1431 579 νηστεύειν,
1463 527 1736 575 Ακατάπαυσιν,

452 595 508 642 νίας
528 590 723 645 ὑπάρχον,
756 589 850 633 ἄλλ’
878 586 942 633 ὅτι
969 591 1102 633 ἐκεῖνο
1127 591 1259 643 μόνον
1289 591 1368 650 χρὴ
1394 590 1614 645 νηστεύειν,
1651 596 1734 634 τοῦ

452 662 497 699 ὀὗ
516 658 558 699 ἐν
582 654 701 710 αὐτῷ
717 657 776 698 ἔτι
805 654 888 697 ὑπὸ
907 661 986 710 γῆν
1013 654 1146 704 ὄντος.
1195 668 1260 698 21.
1288 658 1334 698 έν
1352 654 1458 708 αὐτῇ
1482 655 1561 709 γὰρ
1587 653 1730 698 αὐτῶν

452 724 656 775 ῑκστέσχον
684 721 762 764 τὸν
779 720 938 774 κύριον,
966 719 1084 769 ὅπως
1100 725 1307 774 πληρωθῇ
1334 721 1466 763 ἐκεῖνο
1490 719 1540 763 τὸ
1568 720 1731 773 φάσκον

453 786 627 837 „mmo
655 786 708 828 τὰ
738 795 877 841 σημεῖα
904 782 1045 833 αὐτῶν
1078 785 1123 827 ἐν
1149 787 1261 839 μέσῳ
1287 791 1363 839 τῆς
1396 785 1543 840 ἑορτῆς
1574 782 1730 837 αὐτῶν,

453 852 663 905 ἔγνωσαν”.
719 852 783 893 δεῖ
806 846 884 893 οὖν
915 855 1087 893 πενθεῖν
1115 847 1217 902 ὑπὲρ
1245 849 1501 896 αὐτῶν..,ὁ’τι
1528 842 1732 899 ἐλθόντος

452 932 491 959 ου
514 913 591 960 οὐκ
608 916 852 959 ἐπίστευσαν
879 915 1010 965 αυτῷ,
1039 913 1130 957 ἀλλ’
1148 915 1415 957 ἀπεσείσαντο
1443 915 1525 969 τὴν,
1541 917 1730 962 διδασκα-

452 987 506 1030 οὖ,
533 979 727 1033 ἀναξίους
753 983 965 1033 κρίναντες
994 980 1165 1028 ἑαυτοὺς
1194 983 1408 1033 σωτηρίας.

471 1046 598 1099 Υμεῑς
633 1041 710 1087 οὖν
741 1046 946 1098 μακάριοι,
982 1076 1012 1095 ,,
999 1045 1057 1094 ,ὀὶ
1078 1060 1181 1087 ποτε
1207 1041 1259 1086 οὐ
1285 1045 1395 1094 λαός,
1425 1050 1504 1087 νῦν
1531 1046 1575 1087 δὲ
1602 1022 1729 1094 ἔθνος

452 1112 575 1153 υσθὲν
606 1109 693 1153 ἀπὸ
717 1110 876 1164 πλάνης
908 1109 1105 1160 εἰδώλων,
1138 1109 1224 1152 ἀπὸ
1260 1109 1439 1163 ἀγνοίας,
1476 1109 1562 1153 α’πὸ
1593 1112 1731 1153 δυσσε-

453 1175 467 1217 i
494 1172 574 1218 οὐκ
599 1174 827 1235 ἤλὲημένοι,
861 1180 940 1216 νῦν
968 1175 1012 1218 δὲ
1039 1175 1303 1228 ἐλεηθέντες“
1336 1175 1403 1217 διὰ
1431 1176 1507 1229 τὴν
1539 1172 1731 1229 ὑπακοὴν

452 1247 506 1290 Tac
523 1238 655 1294 ὑμῶν.
704 1252 742 1282 2.
770 1239 866 1291 ὑμῖν
893 1239 969 1293 γὰρ
991 1238 1133 1293 ἠνοίγη
1161 1237 1187 1293 ἡ
1209 1239 1321 1299 πύλη
1348 1245 1420 1294 τῆς
1448 1245 1556 1294 ζωῆς
1572 1249 1660 1289 τοῖς
1687 1240 1731 1293 ἐξ

466 1348 519 1382 73,
542 1347 575 1378 4
603 1347 631 1380 5.
654 1357 694 1361 —
720 1341 761 1372 10
783 1337 796 1370 1
818 1337 904 1371 Petr.
927 1344 958 1378 2,
981 1347 1012 1381 9.
1037 1346 1087 1370 10.
1110 1357 1150 1361 —
1178 1341 1217 1371 12
1241 1336 1254 1370 1
1274 1337 1363 1371 Petr.
1387 1347 1417 1378 2,
1444 1347 1492 1372 10.

452 1424 506 1471 ἴρᾳ
527 1427 566 1465 4
584 1418 745 1463 ἅπαντας
756 1420 909 1465 μικρούς
924 1435 964 1458 τε
982 1425 1044 1457 καὶ
1058 1420 1253 1467 μεγάλους·
1277 1421 1344 1463 ἕως
1359 1425 1379 1457 d
1399 1425 1405 1465 1
1424 1428 1445 1458 2
1468 1427 1526 1459 δεῖ
1540 1436 1548 1457 :
1567 1421 1624 1459 διὰ
1641 1425 1661 1458 b
1677 1435 1698 1458 o
1725 1426 1730 1467 Ι

452 1479 473 1511 d
494 1480 500 1521 Ι
518 1475 746 1517 κατάπαυσις
769 1478 789 1511 b
804 1488 827 1511 o
846 1479 851 1516 1
870 1480 892 1514 3
909 1475 978 1520 χρὴ
994 1474 1181 1520 νηστεύειν
1195 1491 1239 1507 ω
1255 1478 1276 1510 b
1299 1488 1321 1511 ο
1340 1480 1346 1518 Ι
1365 1481 1422 1518 314
1446 1481 1509 1513 τοῦ
1523 1481 1553 1512 δ.
1572 1498 1612 1502 --
1629 1474 1733 1517 ὄντος

454 1530 510 1567 ἔτι
535 1531 577 1567 ἐν
598 1529 698 1577 αὐτῷ
722 1543 755 1564 m
779 1541 800 1575 p
823 1543 843 1564 v
864 1533 869 1575 Ι
887 1529 1007 1566 αὐτῶν
1029 1543 1037 1564 :
1060 1529 1171 1566 αὐτὸν
1193 1542 1214 1564 0
1234 1534 1240 1574 Ι
1259 1534 1280 1566 6
1303 1529 1423 1566 αὐτῶν
1446 1544 1453 1564 :
1480 1535 1516 1572 -l-
1541 1537 1674 1575 σημεῖα
1697 1543 1732 1566 m

452 1600 467 1621 ι
490 1588 557 1621 καὶ
570 1587 591 1619 d
611 1596 631 1619 e
646 1585 689 1620 cs.
706 1585 797 1619 Lxx
816 1590 822 1626 Ι
843 1590 861 1620 7
884 1588 946 1619 καὶ
962 1590 1006 1625 >
1023 1596 1042 1619 e
1062 1587 1068 1626 Ι
1086 1587 1149 1619 καὶ
1171 1584 1239 1620 οὐκ
1263 1582 1426 1628 ἔγνωσαν
1449 1597 1456 1618 :
1481 1592 1557 1619 ante
1577 1584 1617 1620 ἐν
1631 1585 1735 1631 μέσῳ

452 1643 463 1676 ἰ
487 1639 561 1677 οὐκ
576 1660 616 1665 -
633 1637 756 1676 αὐτῶν
769 1645 814 1679 >
831 1641 851 1673 b
873 1650 895 1674 o
914 1642 961 1681 18
982 1637 1071 1674 ἀλλὰ
1094 1640 1115 1673 b
1139 1650 1157 1673 e
1181 1651 1202 1673 o
1220 1642 1225 1681 Ι
1247 1644 1266 1674 9
1290 1636 1480 1679 ‹ii-afflone:
1500 1643 1537 1680 -1-
1554 1643 1733 1683 βαραββᾶ

453 1698 582 1738 τηρίας
600 1698 637 1734 4-
658 1697 707 1729 813
723 1690 879 1738 ὑψίστου
891 1697 937 1737 χῦ
954 1695 1016 1728 καὶ
1031 1696 1076 1729 κῦ
1095 1694 1115 1727 b
1130 1705 1152 1728 o
1172 1698 1177 1735 Ι
1200 1698 1236 1728 ιι
1257 1693 1499 1736 ρυσθέιτες“ὴ
1518 1699 1523 1734 1
1546 1697 1643 1731 11112
1657 1691 1736 1740 α’πὸ,
1798 1716 1802 1719 -

475 1746 1051 1805 δ.0113γὰρ>οΙη’νοίγη;
1076 1742 1588 1790 ηνκονὴδοΙτοῖςτοὶο

452 1846 629 1891 ssvangelio]
665 1847 791 1880 Auctor
822 1846 874 1879 hic
906 1846 956 1879 le·
1021 1849 1095 1880 κτλ.
1119 1845 1171 1878 Cf.
1196 1856 1222 1878 c.
1249 1855 1299 1884 20,
1327 1844 1472 1886 16;vl1‚
1499 1855 1548 1888 23,
1576 1855 1602 1888 3

452 1900 620 1945 mgelium
646 1905 882 1944 provocantem
907 1899 956 1933 in
1067 1908 1123 1940 20;
1161 1899 1236 1938 XX,
1272 1909 1320 1943 19.
1358 1899 1490 1933 Nicetas
1524 1900 1614 1934 Pect.
1648 1901 1733 1934 Adv.

452 1955 539 1988 iliter
568 1954 663 1988 Iesus
694 1955 727 1987 in
750 1953 894 1998 Epistula
916 1954 958 1987 ad
1019 1954 1192 2001 Romanos
1214 1954 1256 1986 de
1276 1954 1400 1998 azymis
1424 1959 1486 1987 etc.

452 2009 513 2043 ’ud
531 2008 711 2042 Eusebium
729 2008 768 2041 H.
780 2008 817 2041 E.
833 2008 856 2048 1,
875 2017 956 2051 13,9
1067 2016 1117 2040 21.
1146 2006 1185 2042 ἐν
1213 2005 1301 2050 αὐτῇ
1330 2008 1420 2050 aL]
1449 2006 1501 2041 Cf.
1530 2007 1621 2041 Tert.
1650 2009 1734 2042 Adv.

452 2062 586 2104 (loann.
604 2071 657 2101 20,
675 2063 734 2105 29)
749 2062 898 2105 appellat.
914 2080 956 2086 —
1024 2062 1090 2095 lud.
1115 2072 1143 2095 c.
1168 2071 1209 2094 10
1230 2073 1256 2094 s.
1281 2061 1302 2097 f.
1625 2083 1628 2086 »

452 2122 514 2150 fam
532 2115 724 2159 infidelium]
748 2115 836 2149 Haec
859 2116 957 2148 verba
1065 2115 1139 2148 XV.
1195 2112 1449 2159 Ἀπαρίθμησις
1502 2119 1737 2159 προφητικῶν

452 2180 519 2204 :um
544 2170 635 2203 dicto
657 2169 794 2203 Domini
815 2169 874 2203 Mt.
892 2179 921 2211 5,
941 2179 954 2211 5
1023 2166 1261 2211 προρρήσεων
1283 2167 1345 2203 τὸν
1361 2167 1519 2212 Χριστὸν
1541 2181 1736 2213 κηρυξτου·

452 2235 493 2264 ιτ,
513 2225 549 2257 in
565 2223 750 2267 Evangelio
765 2229 874 2256 autem
891 2233 957 2257 non
1023 2226 1111 2264 σῶν,
1148 2223 1199 2256 ὠν
1231 2222 1267 2257 οὶ
1298 2220 1456 2257 Ἰουδαῖοι
1492 2221 1555 2266 τὴν
1590 2221 1737 2266 ἔκβασιν

452 2279 535 2313 :um
564 2283 680 2311 auctor
702 2288 741 2311 ea
763 2276 868 2321 longo
890 2288 957 2311 ser·
1025 2274 1248 2319 θεασάμενοι
1268 2276 1309 2312 ἐκ
1325 2279 1520 2316 κακονοίας
1538 2273 1737 2321 ἠπίστησαν

452 2333 533 2372 ierit,
550 2342 650 2376 quem
663 2331 811 2365 Domino
827 2332 956 2375 quidem
1024 2329 1135 2367 αυτὸν
1163 2329 1253 2365 εἶναι
1282 2329 1344 2365 τὸν
1368 2329 1525 2373 Χριστὸν
1552 2334 1616 2365 τοῦ
1646 2333 1738 2366 θεοῦ

452 2396 488 2420 se
504 2392 620 2420 autern
639 2385 805 2426 confinxit,
829 2396 867 2418 ea
891 2396 958 2418 non
1025 2387 1086 2419 καὶ
1099 2388 1242 2430 σταυρῷ
1255 2385 1470 2427 κατέκριναν
1485 2382 1548 2418 τὸν
1559 2387 1621 2427 τῆς
1633 2382 1739 2427 δόξης

452 2442 483 2474 io
503 2440 679 2484 deperdito
702 2439 959 2482 deprompsisse,
1025 2437 1160 2482 κύριον.
1220 2440 1432 2472 Enumeratio
1472 2438 1736 2484 propheticarum

463 2495 505 2528 ad
535 2494 735 2528 sementiam
763 2503 855 2526 suam
884 2504 959 2538 pro·
1026 2494 1294 2537 praedictionum,
1329 2503 1412 2537 quae
1441 2492 1608 2526 Christum
1643 2501 1737 2535 prae-

466 2558 532 2590 suo
550 2548 689 2592 ingenio
703 2547 866 2581 addidisse
882 2558 959 2581 cen·
1027 2549 1145 2587 dicant,
1169 2558 1303 2592 quarum
1327 2553 1482 2580 eventum
1500 2546 1610 2580 Iudaei
1632 2545 1739 2579 intuiti

1029 2609 1162 2645 propter
1178 2601 1443 2635 malevolentiam
1462 2611 1537 2634 eum
1553 2610 1627 2634 esse
1643 2599 1739 2633 Chri-

575 2694 578 2697 ,
597 2683 613 2698 .
1029 2662 1114 2689 stum
1131 2656 1194 2689 Dei
1210 2665 1275 2689 non
1294 2654 1497 2688 crediderunt
1514 2661 1546 2688 et
1559 2654 1739 2688 Dominum

452 2720 471 2746 2
488 2721 519 2746 c.
536 2711 582 2754 89
599 2710 770 2754 praecipit,
792 2715 827 2742 ut
849 2709 962 2744 fideles
1029 2710 1153 2753 gloriae
1168 2711 1209 2742 ad
1227 2719 1357 2742 crucem
1374 2710 1686 2742 condemnaverunt.
1697 2727 1738 2732 —-

452 2766 553 2799 diam
564 2763 684 2807 magni
696 2763 820 2797 sabbati
830 2770 963 2797 noctem
1029 2764 1082 2796 Sic
1112 2764 1176 2797 hoc
1205 2764 1281 2797 loco
1310 2764 1413 2796 codex
1437 2775 1466 2797 v.
1513 2762 1640 2807 Reliqui
1669 2762 1740 2795 libri

471 2816 544 2864 οὐχ
564 2814 622 2852 ὅτι
640 2821 700 2852 δεῖ
713 2817 802 2860 κτλ]
826 2817 877 2851 Cf.
893 2818 963 2857 VII,
1030 2824 1125 2861 caput
1148 2828 1282 2857 novum,
1312 2818 1362 2850 cui
1393 2828 1565 2855 numerum
1587 2816 1652 2849 XX
1674 2812 1741 2858 (κ’)

479 2884 537 2919 33,
566 2883 597 2907 1.
630 2891 672 2897 -
703 2870 821 2906 ἐκεῖνο
852 2869 965 2913 μόνον
1031 2871 1222 2915 praefigunt,
1248 2872 1352 2914 capite
1376 2876 1534 2916 sequente
1556 2870 1739 2914 incipiunt„

1754 1058 1796 1089 10
