2457 3436
634 404 951 434 consrrrunonns
979 404 1243 434 ,spos-rotonum
1272 406 1320 439 w,
1348 407 1401 443 21,
1427 407 1542 445 1-22,
1566 407 1596 440 3.
1782 398 1860 437 355

479 499 589 541 XXI.
613 498 750 552 Ὑμῶν
769 501 813 541 δὲ
831 505 921 541 τῶν
938 500 1250 543 πιστευσάντων
1277 500 1333 548 εἰς
1358 500 1436 543 τὸν
1454 501 1526 543 ἕνα
1554 501 1660 543 θεὸν
1681 501 1759 544 οὐκ
1778 501 1864 544 άπὸ

438 564 526 623 Q
528 582 560 613 ς,
588 561 693 606 ἀλλὰ
720 564 804 606 άπὸ
832 565 995 625 γνῶμῃς
1021 563 1161 619 ὑγιοῦς
1179 564 1512 607 ὑπακουσάντων
1539 570 1600 618 τῷ
1623 568 1860 610 καλέσαντι·

438 630 610 681 Ιακάριοι
644 630 685 672 οὶ
712 628 934 683 ὀφθαλμοί,
969 628 1036 672 ὃτι
1063 631 1295 681 βλέπουσιν,
1330 633 1398 672 καὶ
1425 631 1477 673 τὰ
1513 627 1602 673 ὦτα
1630 630 1759 684 ὑμῶν,
1796 631 1864 675 ὅτι

438 694 625 736 ουόυσιν“
631 693 872 750 ’άνείθητε
901 695 980 749 γὰρ
1015 701 1104 737 τῶν
1132 697 1292 748 δεσμῶν
1326 698 1394 738 καὶ
1428 692 1744 751 ἧλευθερώθητε
1772 698 1865 740 δου-

438 762 494 809 ·ἀς.
540 772 577 802 2.
605 758 812 811 ,,οιῗκέτι“
838 760 914 813 γὰρ
932 763 1067 819 Quia»,
1095 757 1271 814 „Ze‘yoe‘
1249 765 1352 813 υμᾶς
1372 760 1557 809 δούλους,
1585 758 1687 803 ἀλλὰ
1704 764 1862 813 φίλους,
1907 773 1928 806 5

438 840 450 866 ι
476 825 622 875 πάντα,
661 822 688 866 ἃ
719 822 874 878 ἥκουσα
906 825 1019 878 παρὰ
1051 830 1128 867 τοῦ
1162 825 1321 878 πατρός
1356 841 1449 878 μου,
1488 825 1688 879 ἐγνώρισα
1722 824 1862 886 13ng

438 892 541 938 είνοις
558 890 634 943 γὰρ
649 890 707 944 μὴ
726 890 947 944 θελήσασιν
966 891 1067 932 ἰδεῖν
1083 890 1183 943 μήτε
1202 887 1389 940 ἀκοῦσαι,
1419 887 1469 932 οὗ
1489 891 1671 944 στερήσει
1688 893 1861 943 μορίων,

438 954 486 996 λὰ
507 957 648 1004 κακίας
664 952 882 1008 ὑπερβολῇ,
910 955 1074 1006 »ἔδωκα
1102 956 1396 1008 προστάγματα
1416 953 1466 997 οὗ
1484 955 1592 997 καλὰ
1609 959 1676 997 καὶ
1697 957 1865 998 δικαιῶ-

438 1034 498 1071 ιτα,
527 1022 572 1061 ἐν
604 1019 667 1069 οἶς
700 1021 752 1062 οὐ
784 1020 975 1073 ςήσονται
1008 1021 1054 1061 ἐν
1093 1019 1277 1069 αὖτοτς“·
1317 1017 1366 1062 οὗ
1399 1020 1505 1062 καλὰ
1539 1022 1582 1062 δὲ
1619 1025 1681 1073 τῷ
1720 1025 1864 1074 σκοπῷ

438 1082 531 1134 πῶν,
564 1085 702 1136 ἐπειδὴ
736 1088 804 1126 καὶ
838 1085 878 1127 οἱ
911 1090 1111 1138 καυτῆρες
1144 1087 1213 1127 καὶ
1245 1085 1295 1127 τὸ
1328 1089 1446 1137 ξίφος
1481 1087 1549 1127 καὶ
1585 1085 1638 1127 τὰ
1670 1086 1864 1139 φάρμακα
1889 1096 1931 1127 10

438 1150 507 1201 θοὰ
529 1158 615 1198 τοῖς
641 1150 716 1203 οὐχ
744 1150 1010 1203 ὑγιαίνουσιν,
1044 1148 1262 1201 ἀφύλακτα
1290 1152 1332 1191 δὲ
1362 1149 1427 1191 διὰ
1457 1150 1536 1203 τὴν
1563 1149 1706 1192 αὐτῶν
1733 1167 1863 1204 παρα-

438 1213 486 1274 ffl'
486 1247 497 1264 ,
521 1213 622 1257 ὅθεν
649 1218 718 1257 καὶ
747 1216 939 1257 θάνατον
966 1215 1108 1264 αὐτοῖς
1135 1214 1274 1268 ἐπάγει
1302 1215 1356 1267 μὴ
1383 1214 1682 1268 φυλασσόμενα.

491 1280 612 1323 ΧΧΠ.
632 1279 758 1334 Ὑμεῖς
777 1277 854 1322 οὖν
871 1279 1074 1333 μακάριοι,
1094 1280 1134 1322 οὶ
1152 1281 1348 1328 λυθέντες
1367 1284 1441 1333 τῆς
1460 1280 1651 1331 κατάρας.
1687 1279 1865 1333 Χριστὸς

438 1343 468 1396 ὶο
488 1345 808 1398 παραγενόμενος
845 1343 869 1387 ὁ
896 1349 974 1388 τοῦ
1006 1349 1112 1388 θεοῦ
1139 1344 1226 1393 υἱὸς
1258 1344 1336 1387 τὸν
1362 1344 1491 1398 νόμον
1519 1345 1709 1398 κυρῶσας
1743 1345 1865 1399 ἐπλή-

438 1421 524 1460 υσεν,
556 1410 607 1452 τὰ
638 1411 856 1452 ἐπείσακτα
888 1414 1102 1463 περιεῖλεν,
1140 1411 1175 1452 εἰ
1208 1412 1277 1451 καὶ
1309 1410 1363 1463 μὴ
1396 1410 1549 1459 πάντα,
1588 1407 1695 1452 ἀλλά
1730 1426 1776 1463 γε
1813 1410 1866 1452 τὰ
1891 1420 1930 1452 15

438 1474 590 1535 πρότερα,
618 1474 697 1517 τὸν
723 1476 798 1528 μὲν
814 1474 1052 1525 βεβαιώσας,
1080 1474 1133 1517 τὰ
1160 1476 1205 1517 δὲ
1223 1475 1400 1523 παύσας·
1430 1478 1498 1517 καὶ
1526 1475 1577 1517 τὸ
1599 1474 1867 1525 αυτεξούσιον

438 1543 479 1580 [ὃν
499 1537 738 1594 ἀνθρώπων
762 1539 888 1582 πάλιν
916 1539 1070 1595 α’φῆκεν
1098 1539 1333 1593 ἐλεύθερον,
1362 1536 1413 1581 οὐ
1431 1542 1671 1593 προσκαίρῳ
1690 1539 1867 1593 θανάτῳ

438 1603 567 1657 νεάζων,
603 1603 690 1647 ἀλλ’
722 1606 768 1647 ἐν
796 1604 911 1656 ἑτέρα
938 1604 1182 1647 καταστάσει
1210 1609 1452 1657 λογοθετῶν
1480 1602 1594 1646 αὐτό.
1652 1604 1716 1646 διὸ
1744 1607 1866 1659 λέγει·

438 1670 478 1710 Εἴ
493 1686 548 1719 τις
568 1672 683 1712 θέλει
711 1669 845 1712 ὀπίσω
872 1685 953 1722 μου
979 1670 1130 1719 ἐλθεῖν,
1160 1670 1384 1722 ἐρχέσθωὯ
1413 1672 1480 1711 καὶ
1498 1668 1642 1710 πάλιν·
1673 1669 1770 1724 ,,Μὴ
1799 1672 1868 1711 καὶ

438 1743 497 1785 μετς
518 1738 658 1778 θέλετε
677 1734 903 1794 ὑπάγεινὲ
938 1747 976 1776 2.
1005 1734 1081 1789 ἤδη
1110 1737 1152 1777 δὲ
1180 1737 1248 1777 καὶ
1274 1734 1358 1787 πρὸ
1387 1739 1460 1788 τῆς
1486 1737 1710 1787 παρουσίας
1739 1731 1869 1777 αὐτοῦ
1890 1743 1933 1775 20

438 1809 597 1852 ἀρητεττο
625 1801 701 1849 τὰς
717 1805 793 1842 τοῦ
819 1804 923 1842 λαοῦ
941 1803 1089 1848 θυσίας
1107 1800 1308 1848 πολλάκις
1339 1798 1545 1858 tls-3³1&
1563 1799 1867 1851 ἐξαμαρτόντος

438 1866 465 1905 αὶ
485 1866 664 1919 οἰομένου
692 1866 759 1906 διὰ
785 1869 962 1914 θυσιῶν,
992 1863 1078 1905 ἄλλ’
1100 1861 1151 1906 οὐ
1179 1864 1245 1906 διὰ
1272 1867 1489 1917 μετανοίας
1515 1864 1646 1906 αὐτὸν
1674 1866 1868 1917 ἐξευμενί-

438 1934 540 1990 Q
586 1932 690 1984 λέγει
723 1930 799 1984 γὰρ
828 1928 980 1978 οὕτως·
1014 1928 1120 1980 ,,Ἷνα
1148 1932 1187 1970 τί
1214 1944 1283 1982 μοι
1312 1932 1482 1980 λίβανον
1514 1930 1560 1971 ἐκ
1587 1933 1707 1980 Σαβᾶ
1733 1931 1870 1983 φέρεις

437 1995 465 2034 αὶ
484 1995 740 2048 κιννάμωμον
767 1996 812 2036 ἐκ
838 2000 912 2049 γῆς
937 1994 1171 2047 μακρόθεν;
1212 1993 1265 2036 τὰ
1293 1992 1618 2046 ὁλοκαυτώματα
1641 1992 1763 2047 ὑμῶν
1792 1991 1870 2035 οὐκ

438 2070 497 2100 mv
520 2060 639 2102 δεκτὰ
658 2062 727 2102 καὶ
755 2060 796 2102 αἱ
815 2062 957 2102 θυσίαι
985 2057 1105 2111 ὑμῶν
1133 2056 1206 2111 οὐχ
1233 2055 1391 2112 ἥδυνάν
1408 2064 1519 2111 μοι“,
1549 2061 1616 2100 καὶ
1645 2057 1752 2113 ἑξῆς·
1783 2059 1869 2110 „m
1892 2068 1934 2099 26

438 2125 703 2179 λσκαυτώματα
738 2122 855 2178 ὑμῶν
893 2123 1136 2178 συναγάγετε
1175 2123 1275 2176 μετὰ
1315 2129 1404 2166 τῶν
1443 2128 1605 2165 θυσιῶν
1643 2121 1763 2176 ὑμῶν
1801 2126 1870 2165 καὶ

438 2188 529 2241 ἄγετε
551 2192 665 2242 κρέα,
694 2188 760 2232 ὅτι
788 2186 866 2231 οὐκ
893 2188 1151 2243 ἐνετειλάμην
1178 2186 1285 2241 ὑμῖν,
1320 2187 1442 2242 ἡνίκα
1470 2188 1666 2242 ἐξήγαγον
1692 2186 1796 2241 ὑμᾶς
1825 2189 1870 2230 ἐκ

438 2255 465 2307 ἧς
490 2255 711 2309 Αἰγύπτου,
744 2257 838 2308 περὶ
870 2252 1232 2307 ὁλοκαυτωμάτων
1264 2255 1332 2295 καὶ
1365 2257 1565 2294 θυσιῶν“.
1632 2266 1666 2306 3.
1701 2255 1769 2294 καὶ
1804 2252 1870 2294 διὰ

438 2320 536 2362 ludov
562 2322 728 2374 λέγει’,
731 2322 789 2370 ,Tc
815 2334 885 2373 μοι
911 2323 1076 2373 πλῆθος
1103 2323 1191 2361 τῶν
1210 2322 1374 2361 θυσιῶν
1401 2316 1539 2371 ὑμῶν;
1578 2319 1681 2372 λέγει
1711 2317 1868 2370 κύριος·

439 2385 535 2440 ὶήρης
567 2386 648 2438 εἰμὶ
683 2353 1046 2437 ὁλοκαυτωμάτων
1073 2388 1217 2435 κριῶν,
1252 2385 1319 2425 καὶ
1347 2385 1469 2436 στέαρ
1503 2382 1645 2434 α’ρνῶν
1679 2385 1747 2424 καὶ
1774 2380 1872 2435 αἶμα
1895 2390 1938 2420 30

438 2448 545 2532 τύρων
572 2453 642 2492 καὶ
670 2449 835 2503 τράγων
863 2446 914 2490 οὐ
939 2449 1150 2502 βούλομαι,
1181 2445 1272 2490 οὐδ’
1304 2446 1357 2489 ἂν
1376 2447 1548 2502 ερχησθε
1577 2445 1758 2500 ὀφθῆναί
1784 2459 1871 2499 μοι·

493 2559 582 2592 3Mt.
605 2568 656 2601 13,
678 2556 726 2591 16.
748 2578 791 2584 -
813 2561 833 2591 5
856 2557 968 2591 Ioann.
988 2566 1037 2599 15,
1058 2566 1107 2599 ις.
1132 2576 1172 2581 -
1196 2560 1217 2590 8
1233 2556 1350 2589 Ezech.
1369 2566 1419 2596 20,
1440 2565 1490 2597 25.
1515 2574 1555 2579 -
1581 2558 1621 2588 14
1638 2553 1696 2588 Mt.
1717 2563 1746 2596 5,
1767 2563 1814 2596 17.
1829 2574 1873 2580 —

438 2611 505 2646 ¹³11.
529 2612 580 2654 16,
606 2621 659 2652 24.
687 2632 729 2637 —
761 2612 874 2645 loann.
897 2610 928 2652 6,
950 2610 1004 2654 67.
1037 2631 1079 2636 —
1112 2614 1155 2646 23
1178 2611 1240 2644 let.
1264 2609 1295 2650 6,
1319 2619 1370 2643 20.
1403 2628 1443 2634 —
1478 2612 1520 2643 25
1542 2609 1602 2641 Ier.
1626 2617 1656 2651 7,
1681 2617 1731 2641 21.
1755 2616 1807 2641 22.
1831 2626 1872 2631 —

438 2665 510 2700 vles.
535 2676 562 2707 1,
591 2674 728 2706 11—14.

449 2752 561 2796 φέρεις
577 2764 585 2785 :
604 2758 681 2785 ame
698 2750 741 2787 ἐκ
758 2753 799 2786 Σ.
818 2763 838 2796 p
854 2763 884 2793 v,
908 2751 1019 2795 φέρης
1034 2751 1054 2784 d
1071 2761 1100 2791 e,
1116 2751 1263 2793 φέρεται
1283 2751 1303 2783 b
1321 2760 1342 2782 o
1362 2749 1403 2783 cf.
1420 2750 1452 2783 D
1467 2749 1559 2783 Lxx
1579 2751 1584 2790 1
1604 2752 1646 2782 24
1662 2747 1704 2782 ἐκ
1720 2752 1764 2787 >
1781 2749 1800 2780 b
1818 2758 1839 2780 o
1861 2748 1866 2789 Ι

455 2804 543 2841 ἔστιν
567 2818 576 2840 :
600 2817 619 2840 e
644 2807 665 2839 i.
686 2816 731 2840 m.
753 2806 858 2849 εἰσιξΙ
888 2809 931 2840 26
953 2803 1128 2848 συνάγετε
1154 2815 1174 2838 0
1200 2807 1204 2846 Ι
1230 2807 1270 2838 27
1295 2803 1384 2846 κρέα
1408 2815 1415 2837 :
1440 2801 1482 2837 τὰ
1506 2816 1539 2837 κ.
1563 2814 1583 2846 p
1606 2815 1627 2836 v
1652 2805 1657 2843 Ι
1682 2806 1723 2837 29
1746 2814 1808 2843 μοι
1835 2804 1871 2841 -i—

452 2861 470 2893 b
490 2872 510 2895 o
541 2865 545 2903 1
579 2864 623 2895 30
648 2856 744 2894 ὃλοκ.
768 2872 775 2892 :
805 2861 866 2894 καὶ
888 2855 1171 2901 ὁλοκαυτώματα
1196 2869 1217 2891 0
1248 2859 1253 2900 Ι
1284 2862 1323 2892 31
1348 2855 1490 2900 ταύρων
1514 2884 1521 2891 .
1546 2883 1554 2891 .
1577 2853 1720 2900 τράγων
1743 2869 1786 2887 ω
1811 2856 1830 2887 b
1863 2857 1867 2896 Ι

438 2915 468 2949 δὲ
489 2916 509 2949 d
529 2918 533 2957 ἰ
556 2912 624 2949 ἐὰν
648 2914 669 2946 d
690 2925 711 2946 v

1682 2962 1745 2996 28*
