2457 3436
735 352 1001 382 nos-romaum
1029 353 1096 390 vn,
1122 354 1176 391 29,
1201 354 1314 391 1—30‚
1339 354 1368 385 2.
1719 342 1797 381 419

455 448 568 490 xlx.
609 448 767 490 Omnes
804 448 991 502 primitias
1028 448 1306 502 provenientes
1344 462 1365 489 e
1401 447 1596 499 torculari,
1635 462 1722 489 area
1761 456 1800 490 et

460 520 506 555 et
540 513 678 555 ovibus
719 513 825 555 dabis
862 512 1140 563 sacerdotibus,
1181 520 1224 554 ut
1265 513 1530 554 benedicantur
1569 515 1725 567 reposita
1761 515 1799 554 in

454 592 470 618 ς
506 579 583 619 tuis
614 586 649 619 et
671 579 829 633 fructus
862 586 985 619 terrae
1018 586 1117 628 tuae,
1151 585 1270 632 utque
1303 578 1512 618 stabiliaris
1544 579 1733 629 frumento
1767 587 1800 619 et

454 659 460 683 ;
491 643 584 683 oleo
611 650 726 698 atque
752 650 968 697 augeantur
986 650 1159 684 armenta
1179 642 1287 683 boum
1307 650 1455 683 tuorum
1475 651 1509 683 et
1525 657 1657 696 greges
1675 644 1799 683 ovium

454 723 473 749 z,
523 719 561 749 2.
589 708 767 750 Omnem
797 707 989 749 decimam
1019 707 1125 749 dabis
1154 707 1300 763 pupillo
1328 721 1373 749 ac
1392 707 1542 758 viduae,
1572 709 1728 762 pauperi
1758 717 1797 749 et

454 786 497 814 ,e.
556 784 590 825 3.
626 772 784 814 Omnes
803 772 1006 826 ⁴primitias
1040 786 1184 826 panum
1221 772 1447 823 calidorum,
1484 773 1586 813 urcei
1621 773 1701 813 vini
1736 780 1801 814 aut

453 844 488 879 it
520 836 646 878 mellis
681 844 745 878 aut
780 836 989 888 fructuum,
1031 851 1128 878 uvae
1165 844 1229 878 aut
1267 838 1430 878 aliorum
1467 838 1654 891 primitias
1694 836 1800 878 dabis

453 901 586 952 nibus,
629 902 780 956 argenti
813 915 909 943 vero
950 909 988 944 et
1021 903 1244 944 vestimenti
1290 903 1497 956 omnisque
1538 903 1799 956 possessionis

453 979 490 1008 ιο
516 980 562 1008 ac
589 966 740 1008 viduae.

455 1031 550 1072 XX.
575 1032 652 1072 Die
671 1032 965 1073 resurrectionis
985 1032 1162 1082 Domini,
1184 1032 1260 1072 hoc
1280 1039 1340 1073 est
1359 1031 1568 1082 dominica,
1590 1033 1800 1074 convenite

453 1111 478 1147 ε,
504 1097 647 1150 gratias
674 1104 836 1150 agentes
864 1097 954 1137 Deo
984 1104 1022 1138 et
1050 1095 1284 1138 confitentes
1314 1096 1362 1139 de
1392 1096 1603 1147 beneficiis,
1633 1111 1731 1152 quae
1761 1098 1799 1138 in

453 1161 587 1203 antulit
622 1161 730 1203 Deus
764 1175 833 1216 per
867 1161 1067 1203 Christum
1105 1161 1269 1203 liberans
1303 1161 1349 1202 ab
1383 1162 1615 1214 ignorantia,
1654 1176 1799 1212 errore,

454 1240 486 1277 s,
526 1238 564 1267 2.
593 1234 636 1268 ut
663 1226 894 1268 sacrificium
924 1234 1095 1268 vestrum
1127 1227 1176 1268 sit
1203 1226 1516 1280 irreprehensum
1553 1234 1592 1268 et
1622 1227 1710 1268 Deo
1740 1242 1801 1268 ac-

453 1306 481 1342 1,
513 1292 580 1346 qui
609 1290 658 1332 de
688 1290 847 1332 ecclesia
876 1306 944 1332 sua
971 1292 1224 1333 oecumenica
1254 1291 1365 1333 dixit:
1403 1292 1448 1332 In
1476 1294 1578 1332 omni
1605 1292 1682 1333 loco
1711 1293 1804 1333 mihi

453 1371 484 1397 tr
515 1358 721 1398 incensum
757 1363 796 1397 et
827 1355 1054 1410 sacrificium
1091 1356 1284 1406 mundum,
1320 1358 1407 1410 quia
1443 1371 1509 1397 rex
1543 1370 1703 1411 magnus
1736 1371 1801 1411 ego

453 1421 529 1462 licit
562 1421 751 1462 Dominus
788 1422 1056 1475 omnipotens,
1099 1429 1133 1462 et
1171 1436 1302 1462 nomen
1339 1436 1461 1462 meum
1500 1421 1726 1463 admirabile
1763 1424 1802 1462 in

452 1500 491 1527 is.

464 1641 570 1680 ληνοῦ
592 1639 708 1680 (λινοῦ
731 1648 761 1678 a,
783 1639 884 1672 λίνου
906 1638 944 1680 h)
970 1641 1006 1679 -1-
1033 1635 1055 1681 ἢ
1078 1638 1099 1670 d
1122 1647 1140 1671 e
1170 1639 1175 1681 Ι
1198 1641 1218 1672 3
1242 1650 1272 1671 τ.
1294 1639 1454 1672 τααείων
1475 1638 1494 1670 d
1519 1648 1562 1676 m,
1592 1639 1653 1671 καὶ
1676 1635 1719 1671 τὰ
1742 1649 1802 1671 τα-

466 1695 471 1733 :
495 1703 562 1726 σου
585 1693 648 1734 τῆς
671 1694 737 1735 γῆς
758 1691 780 1725 h
806 1693 812 1734 Ι
836 1695 857 1725 4
879 1693 940 1725 καὶ
964 1703 1002 1736 pr
1023 1696 1068 1731 >
1091 1703 1125 1725 m
1152 1694 1158 1732 Ι
1189 1696 1209 1726 7
1236 1694 1384 1733 θερμῶν
1407 1687 1525 1733 ἄρτων
1549 1703 1567 1723 ν
1596 1695 1599 1730 Ι
1626 1693 1803 1733 κεραμίου

472 1743 647 1787 κεράμιον
668 1746 689 1779 d
711 1746 734 1778 h
757 1756 791 1779 m
815 1757 835 1778 v
854 1747 860 1788 Ι
879 1749 900 1780 8
922 1749 1103 1788 σταφυλῆς
1126 1757 1134 1780 :
1159 1746 1192 1779 in
1214 1746 1278 1779 hoc
1302 1746 1462 1779 vocabulo
1485 1745 1599 1779 desinit
1624 1745 1644 1778 b
1665 1747 1669 1786 Ι
1697 1748 1717 1779 9
1741 1747 1803 1779 καὶ

452 1795 1802 1844 ἀεων112τῷ>ἀεὴ113ἢμᾶςάὴνεὺμᾶςεεῐη1ὃιῐῃε

472 1856 570 1896 14ί15
592 1848 614 1896 ἦ
640 1859 715 1897 post
738 1850 841 1895 ὑμῶν
863 1864 896 1887 m
920 1866 939 1886 v
960 1858 966 1896 Ι
987 1858 1026 1888 15
1051 1850 1151 1897 ἡμῶν
1176 1855 1197 1887 h
1217 1860 1221 1896 ὶ
1245 1858 1285 1888 16
1308 1857 1523 1897 προσενεχθ.
1539 1866 1601 1895 μοι
1618 1853 1639 1886 d
1657 1864 1675 1887 e
1692 1864 1723 1886 m
1750 1866 1769 1886 v
1796 1855 1800 1896 Ι

453 1910 488 1942 ία
511 1910 597 1941 καθ.
620 1920 653 1941 κ.
679 1910 846 1950 θυμίαμα
870 1919 901 1941 m
922 1910 928 1949 Ι
946 1908 1060 1951 μέγας
1080 1912 1166 1951 βασ.
1192 1920 1212 1940 ν

452 2156 476 2190 ἰ.
521 2158 610 2198 Περὶ
647 2159 906 2199 καρποφοριῶν
950 2154 1025 2190 διά·
1091 2154 1380 2200 ηκολουθηκότες
1390 2154 1499 2198 ἴσασι,
1510 2155 1572 2190 τὸν
1584 2154 1709 2198 κύριον
1721 2157 1805 2190 νέαν

452 2213 476 2244 5.
491 2215 536 2250 >
556 2211 601 2253 v).
640 2211 692 2244 De
709 2210 929 2244 oblationibus
945 2221 1024 2244 con·
1090 2208 1303 2253 προσφορὰν
1321 2210 1359 2244 ἐι·
1372 2213 1412 2253 τῇ
1425 2214 1529 2253 καινῇ
1542 2209 1699 2253 διαθήκῃ
1713 2213 1804 2244 καθ-

1092 2265 1281 2307 εστηκέναι
1317 2261 1408 2297 κατὰ
1443 2263 1483 2299 τὸ
1520 2266 1706 2307 Μαλαχίου
1741 2268 1804 2299 τοῦ

452 2344 459 2352 .
472 2313 593 2358 Ὅπως
613 2316 681 2361 χρὴ
700 2316 738 2353 ti
745 2330 766 2351 ν
781 2315 1026 2361 α’ναστᾰσιμον
1090 2315 1293 2361 προφήτου·
1307 2315 1404 2352 Διότι
1422 2315 1494 2352 ἀπὸ
1506 2315 1692 2352 ἀνατολῶν
1705 2315 1804 2360 ἡλίου

451 2375 565 2416 ιτῆρος
594 2368 697 2416 ἡμῶν
725 2368 846 2415 (ἡμῶν
867 2377 912 2411 >
942 2383 960 2406 e
990 2374 1025 2416 v)
1091 2377 1165 2407 κτλ.
1181 2372 1337 2416 (Malach.
1358 2374 1464 2416 1,11).
1495 2372 1728 2415 Fragmentum
1746 2372 1804 2404 du-

463 2426 818 2470 συι·αθροιζομένους
834 2424 1026 2469 ἑορτάζειν.
1092 2427 1174 2460 obus
1197 2426 1279 2460 locis
1304 2427 1513 2470 sequentibus
1538 2437 1612 2459 cum
1635 2426 1805 2458 Constitu-

451 2481 495 2514 do
518 2486 671 2525 oporteat
690 2481 779 2513 diem
796 2480 898 2513 nostri
923 2480 1026 2514 salva·
1092 2481 1235 2515 tionibus
1251 2481 1291 2513 ad
1309 2481 1442 2513 verbum
1460 2485 1631 2519 consonat,
1656 2490 1700 2512 sc.
1717 2479 1805 2519 vul,

451 2535 644 2569 surrectioni
674 2535 863 2568 dedicatum
886 2544 1024 2578 congre·
1095 2544 1144 2575 12,
1167 2545 1222 2579 393
1245 2544 1297 2574 40,
1317 2544 1342 2578 3.
1384 2536 1509 2568 Auctor
1527 2534 1701 2578 fragmenti
1719 2533 1805 2566 haud

451 2589 607 2623 elebrare.
1091 2589 1186 2622 dubie
1211 2588 1505 2622 Constitutionibus
1538 2598 1615 2621 usus
1646 2593 1706 2621 est.
1753 2587 1804 2621 Cf.

451 2654 502 2677 inc
518 2643 802 2677 Constitutionum
821 2643 941 2682 iocum,
965 2654 1025 2676 nec
1093 2643 1192 2682 Funk,
1216 2642 1451 2686 Kirchengesch.
1470 2642 1717 2685 Abhandlungen
1742 2642 1807 2674 und

451 2698 594 2739 idachen,
626 2697 761 2742 respicit
783 2697 909 2730 Irenaei
938 2697 1025 2741 frag·
1097 2696 1638 2740 Untersuch.11(1899),198—208.
1657 2695 1806 2728 Harnack

451 2763 458 2785 ι
476 2751 663 2792 XXXVIII,
686 2751 881 2785 Psaffianum
906 2751 934 2784 II
958 2752 1025 2794 (ed.
1092 2752 1124 2783 in
1143 2751 1236 2783 Texta
1249 2751 1313 2782 und
1326 2751 1610 2794 Untersucbungen,
1624 2750 1664 2782 N.
1676 2750 1710 2783 F.
1725 2758 1807 2794 1900

452 2805 477 2846 1,
492 2806 575 2848 854)
590 2806 721 2839 dicens:
750 2804 791 2839 02
815 2810 893 2845 ταῖς
906 2805 1026 2840 δευτέ-
1092 2805 1133 2845 V,
1153 2815 1166 2847 3
1187 2804 1347 2837 editorem
1365 2805 1543 2848 principem
1561 2804 1610 2837 vel
1628 2804 1705 2837 Chr.
1721 2803 1805 2836 Mat-

450 2865 477 2893 ir
491 2857 708 2894 ἀποστόλων
730 2856 914 2900 διατάξεσι
937 2871 1026 2902 παρ·
1092 2860 1227 2892 thaeum
1250 2858 1338 2891 Psaff
1356 2858 1544 2892 falsatorem
1567 2858 1718 2891 declarat.

1613 2912 1676 2945 27*

1826 1040 1867 1071 10

1826 1363 1867 1395 15
