2457 3436
488 367 805 398 oemxrmonns
830 368 1098 399 amsa-omnm
1125 369 1176 405 v1,
1203 371 1234 407 τ,
1257 370 1310 402 3-
1320 371 1352 407 8,
1377 372 1405 402 1.
1611 361 1689 400 317

452 465 649 516 τισμένοις
666 464 921 514 ἐπιτιθέντες
938 463 1013 513 τὰς
1038 473 1172 517 χεῖρας
1200 464 1333 517 εὐχαῖς
1359 465 1438 519 τὴν
1463 471 1543 508 τοῦ
1569 465 1691 508 πνεύ-

453 531 574 571 octav
600 528 881 582 ἐδωρούμεθα.
932 542 966 583 3.
996 529 1098 571 ἰδών
1126 531 1169 571 ὀὲ
1198 528 1222 571 ὁ
1241 533 1399 582 Hauon,
1427 528 1493 572 ὅτι
1522 530 1589 572 διὰ
1618 535 1692 584 τῆς

452 598 541 636 τῶν
558 599 710 645 χειρῶν
737 591 854 647 ἡμῶν
873 595 1030 636 δίδοται
1058 594 1109 636 τὸ
1129 600 1289 647 πνεῦμα
1309 603 1397 643 τοῖς
1415 586 1692 646 κιστεύουσιῖ,

452 674 552 701 ιιατα
569 659 847 713 προσήνεγκεν
875 656 970 712 ἡμῖν
997 661 1145 711 λέγων·
1176 659 1303 708 ,,Δότε
1330 658 1453 711 κάμοὶ
1476 660 1554 713 τὴν
1580 660 1688 711 ἐξου-

452 739 489 773 ν,
516 723 585 766 ἵνα
615 722 733 777 κάγὼ
761 719 797 777 ᾧ
825 721 877 765 ἂν
904 724 1045 766 ἐπιθῶ
1072 725 1145 773 τὰς
1168 734 1303 777 χεῖρας
1331 724 1511 777 λαμβάνῃ
1531 729 1692 777 ,πνεῦμα

453 787 649 841 νλόμενος,
679 786 736 837 ὡς
764 789 842 831 τὸν
864 787 979 842 Ἀδὰμ
1007 793 1059 842 τῇ
1083 789 1213 843 γεύσει
1242 794 1319 831 τοῦ
1347 789 1472 842 ξύλου
1500 794 1571 844 τῆς
1599 789 1692 832 κατ’

469 852 702 902 ἀθανασίας
729 854 954 908 ἐστέρησεν,
988 852 1122 903 οὕτως
1149 855 1218 896 καὶ
1244 852 1348 908 ἡμᾶς
1376 858 1426 907 τῇ
1453 855 1574 907 λήψει
1602 858 1692 897 τῶν

452 920 596 969 θέλξας
622 922 695 971 τῆς
723 918 876 968 δόσεως
902 923 980 960 τοῦ
1009 923 1111 960 θεοῦ
1138 918 1400 973 περιγράψαι,
1438 917 1553 968 ὅπως
1580 916 1691 961 ἀντι-

452 998 548 1025 ιενοι
582 981 836 1036 α’ποόιόμεθα
869 982 986 1036 αὐτῷ
1015 983 1237 1038 χρημάτων
1269 983 1348 1038 τὴν
1383 983 1582 1039 ἀτίμητον
1615 988 1691 1026 τοῦ

452 1047 621 1100 δωρεάν.
668 1062 708 1102 4.
735 1048 910 1090 πάντων
930 1049 974 1090 δὲ
999 1046 1117 1102 ἡμῶν
1135 1050 1201 1090 ἐπὶ
1225 1048 1363 1101 τούτῳ
1382 1051 1688 1102 ταραχθέιτων,

452 1112 495 1172 'gb
513 1115 672 1164 Πέτρος
698 1113 753 1162 εἰς
780 1112 857 1155 τὸν
883 1113 929 1155 ἐν
956 1112 1074 1167 αὐτῷ
1097 1120 1332 1167 κακοῦργον
1355 1113 1453 1167 ὄφιν
1482 1113 1598 1156 εἶπον
1626 1120 1690 1167 τῴ

452 1177 497 1219 n}
529 1174 728 1231 ἀργύριόν
763 1190 839 1220 σου
871 1178 949 1220 σὺν
982 1180 1048 1220 σοὶ
1081 1180 1141 1233 εἴη
1169 1180 1225 1227 εἰς
1253 1177 1478 1229 ἀπώλειαν,
1515 1177 1580 1221 ὅτι
1614 1179 1690 1239 τῂν

452 1246 465 1283 3
492 1246 598 1284 θεοῦ
625 1242 814 1295 ἐνόμισας
842 1243 908 1285 διὰ
931 1243 1150 1297 χρημάτων
1179 1249 1374 1286 κτᾶσθαι·
1408 1244 1486 1286 οὐκ
1513 1244 1598 1286 ἔστι
1626 1257 1691 1286 σοι

452 1308 594 1361 Ξλόγῳ
612 1307 751 1361 τούτῳ
780 1308 876 1350 ου’ὀὲ
905 1313 1054 1361 κλῆρος
1082 1309 1128 1350 ἐν
1154 1313 1204 1361 τῇ
1230 1312 1363 1350 πίστει
1391 1308 1534 1361 ταύτῃ,
1561 1308 1587 1362 ἡ
1616 1308 1692 1362 γὰρ

471 1372 551 1414 οὐκ
579 1372 691 1414 ἔστιν
719 1371 861 1415 εὔθετα
879 1373 1062 1415 ἐνώπιον
1089 1378 1168 1414 τοῦ
1187 1378 1309 1416 θεοῦ·
1339 1373 1542 1433 {1231an
1545 1389 1595 1416 ον
1615 1364 1692 1415 οὖν

452 1442 556 1485 ικίας
585 1451 661 1479 σου
688 1437 840 1498 ταύτης
866 1440 934 1480 καὶ
963 1439 1133 1492 δεήθητι
1167 1444 1244 1481 τοῦ
1273 1443 1390 1487 θεοῦ,
1428 1440 1463 1481 εἰ
1491 1438 1570 1492 ἄρα
1598 1437 1692 1492 ἀφε·

452 1519 473 1544 ιι
506 1500 543 1556 ἧ-
559 1503 721 1545 ἐπίνοια
753 1507 824 1556 τῆς
852 1505 1019 1554 καρδίας
1054 1516 1146 1545 σου·
1182 1504 1238 1553 εἰς
1265 1503 1340 1557 γὰρ
1370 1504 1497 1557 χολὴν
1530 1507 1693 1563 ,πικρίας

452 1582 531 1621 μον
566 1566 723 1616 ἀδικίας
758 1573 908 1620 θεωρῶ
940 1579 984 1610 σε
1020 1566 1161 1610 ὄντα“.
1220 1582 1255 1622 5.
1291 1568 1396 1628 ἀ-λζὰ
1427 1569 1525 1611 τότε
1558 1571 1632 1622 μὲν
1667 1567 1691 1610 ὁ

452 1636 543 1683 »βος
558 1633 778 1686 γενόμενός
796 1645 935 1687 φησιν·
964 1637 1243 1686 ,,Παρακαλοῦ,
1270 1634 1443 1688 δεήθητε
1462 1632 1572 1687 ὑμεῖς
1590 1632 1693 1686 ὑπὲρ

452 1698 529 1739 τὸν
556 1698 716 1750 κύριον,
746 1695 861 1747 ὅπως
877 1699 1002 1758 μηδὲν
1021 1700 1176 1751 ἐπέλθῃ
1203 1697 1267 1740 ἐπ’
1285 1699 1353 1752 ἐμὲ
1378 1695 1441 1740 ὧν
1466 1699 1692 1751 εἰρήκατε“.

452 1765 581 1804 Ηνίκα
607 1764 651 1804 ὸὲ
670 1763 897 1817 ἐξήλθομεν
923 1764 968 1805 ἐν
987 1772 1075 1812 τοῖς
1102 1763 1268 1806 ἔθνεσιν
1290 1763 1505 1819 κηρύσσειν
1532 1764 1587 1813 εἰς
1614 1763 1693 1806 τὸν

452 1844 463 1864 ²
490 1827 619 1881 λόγον
646 1833 716 1881 τῆς
744 1833 861 1881 ζωῆς,
890 1828 985 1871 τότε
1014 1828 1233 1883 ἐνήργησεν
1263 1827 1286 1870 ὃ
1315 1829 1507 1879 διάβολος
1534 1831 1591 1878 εἰς
1617 1829 1693 1872 τὸν

452 1937 483 1976 8,
511 1946 560 1980 ¹9·
584 1956 623 1960 —
652 1940 691 1971 12
714 1937 788 1970 Act.
812 1934 843 1977 8,
866 1946 1004 1979 20-—23.
1028 1956 1065 1960 ——
1095 1940 1133 1971 19
1157 1937 1231 1970 Act.
1254 1937 1284 1978 8,
1308 1946 1359 1977 ²4·

452 2022 543 2063 ἔπες
565 2023 586 2056 b
609 2032 628 2055 e
651 2023 674 2056 h
697 2033 719 2056 0
743 2033 763 2066 p
786 2035 806 2056 v
824 2024 830 2066 Ι
850 2026 914 2058 τοῦ
935 2026 971 2064 -1-
990 2026 1082 2058 θεοῦ
1105 2025 1167 2057 καὶ
1190 2026 1253 2058 τοῦ
1269 2019 1375 2066 ἁγίου
1391 2020 1464 2067 (ἀγ.
1482 2028 1526 2063 >
1545 2024 1583 2067 ο)
1601 2024 1621 2056 b
1636 2035 1658 2058 0
1681 2027 1685 2066 ξ

452 2081 486 2112 δα
513 2074 1687 2122 ÷nffmvbo!3r}u‹5v>bolbaffdveoltqvxetpaas

452 2144 464 2171 t
485 2131 507 2164 b
530 2141 552 2165 o
574 2133 578 2171 Ι
597 2134 620 2166 8
641 2128 852 2174 ἀπογράψαι
876 2132 896 2165 b
919 2142 941 2164 ο
961 2136 965 2173 Ι
985 2135 1006 2167 9
1025 2129 1220 2174 χρημάτων
1241 2137 1284 2171 >
1309 2132 1329 2165 b
1353 2142 1374 2165 0
1395 2135 1398 2173 Ι
1422 2136 1461 2167 10
1482 2129 1612 2167 τούτου
1631 2143 1651 2166 e
1682 2132 1687 2174 Ι

453 2184 496 2219 ὸν
518 2181 606 2219 ὄντα
630 2186 650 2219 b
673 2196 694 2218 o
714 2187 719 2228 Ι
739 2181 824 2227 ὅφιν
848 2188 884 2226 ÷
911 2183 1093 2229 θεορήσας
1115 2189 1166 2219 τῶ
1188 2182 1247 2220 πῖἶι
1271 2187 1291 2219 b
1315 2197 1336 2219 o
1356 2193 1360 2228 ι
1389 2189 1429 2220 12
1453 2185 1508 2230 εἴη
1533 2198 1541 2220 :
1566 2188 1601 2221 εἰ
1621 2197 1640 2220 a
1664 2188 1693 2226 b,

461 2242 513 2285 τῷ
537 2243 568 2273 λ.
586 2237 702 2284 τούτῳ
726 2246 801 2283 post
823 2243 955 2283 κλῆρος
977 2241 997 2274 b
1013 2251 1034 2273 0
1053 2241 1057 2282 Ι
1080 2239 1119 2275 ἐν
1141 2243 1182 2283 τῇ
1206 2243 1323 2275 πίστει
1347 2252 1376 2274 τ.
1391 2245 1436 2280 >
1454 2241 1474 2274 b
1497 2252 1519 2274 o
1537 2241 1542 2282 Ι
1565 2244 1606 2275 16
1628 2252 1695 2274 σου

452 2296 555 2328 ῦεκῦ
572 2295 619 2334 a!
639 2297 678 2328 17
700 2305 757 2327 σοι
773 2298 817 2334 >
835 2304 855 2327 e
874 2296 879 2336 Ι
900 2293 1040 2329 ἐπίνοια
1058 2298 1095 2335 4-
1115 2292 1165 2329 ἔτι
1182 2295 1202 2327 b
1218 2304 1240 2327 ο
1258 2296 1264 2337 Ι
1285 2293 1415 2338 σχολὴν
1430 2295 1452 2327 h
1473 2296 1477 2334 Ι
1500 2298 1539 2328 18
1564 2297 1695 2337 θεωρῶ

465 2348 513 2381 rel
534 2351 539 2388 Ι
563 2350 603 2381 19
625 2358 735 2390 φησιν
751 2350 787 2387 -Ι-
808 2345 909 2382 εἶπεν
926 2359 947 2381 o
968 2350 975 2390 Ι
993 2345 1148 2391 δεήθητε
1171 2344 1273 2390 ὑμεῖς
1290 2361 1296 2381 :
1312 2344 1376 2383 οὖν
1398 2345 1490 2389 ὑμᾶς
1513 2346 1614 2391 ‹feri-9.
1631 2358 1652 2381 0
1684 2348 1688 2390 ξ

452 2412 466 2435 2
490 2412 512 2435 o
538 2404 545 2443 Ι
573 2405 614 2435 21
640 2400 688 2442 ἐξ.
712 2400 751 2436 ἐν
773 2414 780 2435 :
805 2401 958 2445 ἐξῆλθεν
980 2404 1040 2436 καὶ
1065 2403 1085 2435 b
1108 2413 1130 2435 0
1150 2404 1154 2443 1
1175 2401 1215 2436 ἐν
1236 2407 1279 2442 >
1306 2413 1324 2435 e
1344 2405 1348 2442 1
1379 2405 1479 2442 21122
1503 2400 1697 2445 κηρύσσειν

458 2456 479 2488 b
503 2466 525 2488 o
547 2458 551 2482 ¹
573 2455 626 2494 εἰς
648 2453 712 2489 τὸν
733 2453 872 2499 κόσμον
886 2460 929 2496 >
947 2467 966 2490 a
985 2459 989 2498 Ι
1009 2460 1052 2490 22
1075 2458 1168 2499 ζωῆς
1191 2468 1199 2490 z
1223 2454 1482 2499 ἐκηρύσσωμεν
1504 2457 1525 2488 b
1548 2466 1580 2495 0,
1604 2465 1625 2488 ο
1648 2456 1695 2488 ἰη-

452 2520 542 2543 mem
567 2515 761 2553 sequentem
782 2512 865 2552 περὶ
887 2508 1194 2554 ψευδαποστόλων
1214 2512 1219 2553 Ι
1239 2510 1291 2550 εἰς
1315 2522 1323 2544 :
1347 2508 1436 2552 πρὸς
1460 2510 1479 2542 b
1503 2520 1523 2542 o

452 2609 546 2641 tatius
576 2607 678 2640 Trall.
711 2617 758 2649 11,
791 2618 805 2651 3
835 2609 921 2642 hunc
988 2609 1131 2652 Epistula
1148 2609 1392 2642 Corinthiorum
1410 2609 1450 2640 ad
1466 2608 1602 2641 Paulum
1618 2617 1696 2651 apo-

452 2665 559 2696 ουλον
576 2661 729 2705 appellat,
752 2663 839 2706 quod
861 2673 920 2695 no·
988 2662 1108 2696 stolum
1127 2672 1145 2695 2
1164 2663 1303 2705 (Vetter,
1329 2663 1396 2695 Der
1418 2662 1589 2706 apokrjpbe
1604 2662 1699 2694 dritte

452 2716 529 2750 dem
548 2721 600 2748 est
622 2726 697 2748 cum
715 2716 770 2749 illo
792 2716 920 2750 dicente
990 2717 1245 2760 Korintherbriey‘
1261 2718 1342 2759 1894
1362 2727 1390 2759 p.
1410 2716 1475 2759 58),
1493 2716 1698 2760 Hegesippus

455 2781 490 2813 5¹
510 2781 539 2803 c.
552 2770 590 2803 6:
610 2766 786 2813 Κλεόβιον
802 2770 922 2805 εἴτουν
988 2771 1073 2815 apud
1089 2771 1164 2804 Eus.
1184 2771 1222 2804 H.
1236 2771 1272 2804 E.
1286 2770 1341 2808 IV,
1356 2779 1407 2810 22,
1424 2780 1451 2810 5,
1467 2770 1698 2803 Theodoretus

474 2825 582 2858 Cuius
598 2829 631 2857 et
649 2824 778 2867 quidem
794 2825 920 2858 Simoni
989 2825 1084 2857 Haer.
1105 2825 1167 2858 fab.
1188 2825 1211 2865 1,
1233 2835 1244 2857 1
1272 2825 1491 2867 (Κλεοβαι-οὶ
1515 2824 1567 2856 vel
1591 2823 1698 2867 potius

452 2888 539 2912 :erea
568 2878 773 2911 mentionem
802 2878 921 2912 faciunt
991 2880 1207 2922 Κλεοβιανοὶ
1236 2885 1268 2911 ut
1292 2878 1376 2921 apud
1400 2878 1574 2911 Eusebium
1599 2877 1619 2910 l.
1643 2879 1698 2919 c.)‚

1715 1056 1756 1088 10

1717 1379 1756 1411 15
