2457 3436
730 377 1041 408 consummans
1069 378 1334 408 nos-romaum
1363 380 1417 417 111,
1446 381 1477 418 9,
1499 382 1618 419 2—11,
1642 382 1671 413 3.
1869 373 1946 412 201

452 486 530 515 ιεν·
563 474 790 525 ἐπισφαλὲς
814 472 905 527 γάρ,
932 477 1090 527 μᾶλλον
1109 475 1153 516 δὲ
1179 474 1425 528 παράνομον
1445 478 1512 517 καὶ
1537 474 1686 525 α’σεβές.
1740 489 1776 518 2.
1807 478 1842 518 εἰ
1869 477 1949 530 γὰρ

453 538 634 590 ,κεφαλὴ
661 538 859 591 γυναικὸς
887 536 911 580 ὁ
932 538 1078 591 α’νήρ“,
1107 533 1231 588 οὗτος
1250 541 1294 581 δὲ
1312 545 1605 593 προχειρίζεται
1625 543 1681 590 εἰς
1705 542 1946 596 ἱερωσύνην,

452 601 493 662 21}
520 605 691 645 δίκαιον
709 601 912 655 ἀθετῆσαι
941 604 1018 656 τὴν
1037 606 1301 658 δημιουργίαν
1320 607 1390 647 καὶ
1417 606 1701 648 καταλιπόντα
1721 606 1796 659 τὴν
1819 607 1947 661 ἀρχὴν

452 668 510 710 ἐπὶ
540 668 593 710 τὸ
621 669 797 721 ἔσχατον
816 670 957 711 ἐλθεῖν
982 674 1116 721 σῶμα·
1146 670 1249 722 γυνὴ
1271 670 1349 723 γὰρ
1378 676 1496 723 σῶμα
1515 671 1667 722 ἀνδρὸς
1695 673 1740 713 ἐκ
1767 676 1947 724 πλευρᾶς

453 732 497 792 ἓν
531 737 601 775 καὶ
635 731 911 786 ὑποκείμενον
947 735 1102 787 ἐκείνῳ,
1137 735 1182 787 ἐξ
1214 750 1342 786 ουπερ
1381 738 1449 777 καὶ
1487 737 1657 788 διῃρέθη
1694 737 1750 784 εἰς
1787 739 1948 778 παίδων
1992 743 2013 775 5

453 802 614 850 γένεσιν.
676 799 873 848 ,,Αὕτὸς“
899 800 978 853 γάρ
1008 804 1153 850 ,,σου“,
1181 803 1318 854 φησίν,
1345 802 1618 852 .,κυριευ’σει“·
1648 799 1748 853 ἀρχὴ
1776 802 1853 852 γὰρ
1880 817 1947 854 γυ-

456 865 589 912 ναικὸς
618 862 644 907 ὃ
673 863 794 916 α’νὴρ,
822 865 959 917 ἐπειδὴ
979 866 1048 907 καὶ
1074 865 1242 917 κεφαλή.
1293 878 1328 919 3.
1358 867 1454 907 εἰδὲ
1483 868 1528 907 ἐν
1555 876 1643 914 τοῖς
1665 856 1947 916 προλαβοῦσι-ἶ)

455 929 656 970 διδάσκειν
685 929 830 978 αὐταῖς
858 929 939 972 ουἐε
965 930 1247 982 ἐπιτρέπομεν,
1276 936 1367 979 πῶς
1389 931 1617 981 ἱερατεῦσαι
1647 931 1817 979 ταύταις
1834 931 1947 981 παρὰ

453 985 567 1045 Ιφύσιν
595 1010 663 1042 τις
691 994 940 1047 συγχωρήσει
948 1011 963 1043 ;
1004 1000 1133 1036 τοῦτο
1160 995 1237 1047 γὰρ
1262 999 1337 1047 τῆς
1365 1000 1455 1037 τῶν
1480 992 1686 1048 Ἑλλήνων
1716 992 1946 1048 ἀθεότητος

456 1059 495 1101 τό
521 1057 717 1113 ἀγνόημα
744 1063 927 1112 θηλείαις
954 1064 1071 1108 θεαῖς
1100 1060 1244 1111 ἱερείας
1267 1070 1531 1113 χειροτονεῖν,
1570 1060 1662 1102 ἀλλ’
1690 1059 1743 1102 ου’
1770 1065 1841 1112 τῆς
1870 1051 1946 1102 ‘to—1⁴3
1972 1068 2010 1097 10

454 1126 631 1175 Χριστοῦ
652 1124 886 1175 διατάξεως.
943 1139 983 1179 4.
1011 1126 1047 1167 εἰ
1065 1126 1108 1167 δὲ
1127 1128 1195 1167 καὶ
1224 1124 1302 1167 ἔδει
1331 1122 1415 1167 ὑπὸ
1433 1129 1642 1178 γυναικῶν
1661 1129 1942 1178 βαπτίζεσθαι,

452 1189 615 1238 πάντως
655 1187 712 1230 ἂν
738 1191 808 1231 καὶ
836 1186 860 1231 ὁ
893 1189 1036 1242 κύριος
1062 1187 1147 1232 ὑπὸ
1182 1193 1254 1243 τῆς
1288 1191 1392 1238 ἰδίας
1422 1190 1578 1243 μητρὸς
1605 1190 1843 1242 ἐβαπτίζετο
1875 1193 1943 1231 καὶ

452 1250 515 1306 οὐχ
529 1252 618 1295 ἀπὸ
635 1253 843 1304 Ἰωάννου,
862 1251 888 1309 ἢ
907 1257 977 1295 καὶ
995 1251 1100 1306 ἡμᾶς
1119 1251 1385 1296 ἀποστέλλων
1405 1256 1471 1297 ἐπὶ
1493 1254 1545 1297 τὸ
1556 1258 1767 1307 βαπτίζειν
1792 1267 1944 1296 συναπ-

452 1319 625 1361 ἕστειλεν
652 1316 708 1359 ἄν
736 1316 830 1371 ἡμῖν
857 1321 928 1361 καὶ
949 1328 1142 1371 γυναῖκας
1170 1320 1237 1361 ἐπὶ
1263 1318 1420 1372 τούτῳ·
1457 1325 1534 1361 νῦν
1566 1321 1609 1361 δὲ
1635 1319 1821 1371 οὐδαμοῦ
1849 1318 1944 1378 0ἶᾶτὲΕ

452 1385 702 1444 ξροσέταξεν
730 1383 826 1426 οὔτε
846 1383 1058 1437 ἐγγράφως
1075 1386 1327 1436 παρέδωκεν,
1358 1384 1475 1433 εἰδώς
1493 1387 1561 1426 καὶ
1589 1385 1665 1438 τὴν
1686 1382 1944 1426 ἀκολουθίαν
1970 1391 2009 1421 15

452 1453 516 1498 τῑς
553 1448 726 1501 φύσεως
764 1450 833 1490 καὶ
868 1450 946 1500 τὴν
981 1448 1225 1500 εὐπρέπειαν
1262 1455 1340 1491 τοῦ
1377 1449 1625 1503 πράγματος,
1666 1448 1725 1497 ὡς
1764 1451 1833 1491 καὶ
1871 1455 1945 1508 τῆς

452 1514 610 1562 μύσεως
638 1515 887 1567 δημιουργὸς
914 1516 984 1555 καὶ
1010 1518 1082 1568 τῆς
1110 1513 1330 1566 διατάξεως
1359 1516 1601 1567 νομοθέτης.

552 1579 609 1620 X.
643 1576 745 1621 'em’
771 1578 869 1621 οὔτε
897 1583 1052 1628 λαϊποῖς
1079 1581 1348 1631 ἐπιτρέπομεν
1376 1588 1511 1621 ποιεῖν
1539 1595 1578 1621 τι
1607 1584 1696 1621 τῶν
1725 1579 1943 1629 ἱερατικῶν

452 1643 592 1696 ἔργων,
622 1641 717 1685 οἷον
742 1647 897 1686 θυσίαν
925 1642 1176 1697 ἢβάπτισμα
1203 1643 1229 1696 ἢ
1246 1648 1507 1697 χειροθεσίαν
1534 1642 1558 1695 ἢ
1579 1643 1768 1696 εὐλογίαν
1793 1644 1942 1695 μικρὰν

452 1706 470 1761 ἢ
496 1708 691 1761 μεγάλην.
738 1721 776 1751 2.
805 1708 909 1761 ,,ο·δχ
938 1707 1098 1758 ἑαυτῷ“
1121 1708 1198 1761 γάρ
1220 1726 1308 1760 ,,τις
1326 1709 1522 1761 λαμβάνει
1540 1709 1616 1760 τὴν
1644 1708 1778 1761 τιμήν,
1807 1705 1897 1749 ἀλλ’
1920 1705 1943 1750 ὃ
1966 1714 2008 1745 20

452 1773 701 1826 καλούμενος
718 1771 804 1815 ὑπὸ
823 1780 902 1816 τοῦ
921 1778 1069 1816 θεοῦ“·
1089 1776 1156 1816 διὰ
1171 1774 1248 1827 γὰρ
1268 1779 1338 1826 τῆς
1357 1776 1581 1821 ἐπιθέσεως
1599 1778 1687 1815 τῶν
1700 1777 1849 1825 χειρῶν
1867 1777 1945 1814 τοῦ

452 1838 678 1880 ἐπισκόπου
697 1840 855 1881 δίδοται
874 1836 900 1891 ἦ
919 1838 1089 1893 τοιαύτη
1108 1838 1212 1890 α’ξία.
1262 1852 1298 1893 3.
1320 1837 1343 1880 ὃ
1362 1840 1406 1880 δὲ
1424 1839 1477 1891 μὴ
1499 1841 1757 1891 ἐγχειρισθεὶς
1774 1838 1942 1891 ταύτην,

452 1902 538 1946 ἀλλ’
556 1902 742 1955 ἁρπάσας
770 1902 903 1955 αὐτὴν
931 1902 1078 1957 ἑαυτῷ,
1108 1904 1183 1957 τὴν
1202 1909 1402 1957 τιμωρίαν
1430 1910 1509 1946 τοῦ
1525 1902 1629 1956 Ὀζία
1657 1901 1941 1955 ὑποστήσεται.

553 1968 626 2010 XI.
654 1967 758 2010 Ἀλλ’
786 1968 884 2010 οὔτε
903 1977 991 2017 τοῖς
1018 1973 1177 2017 λοιποῖς
1196 1973 1404 2029 κληρικοῖς
1433 1970 1702 2021 ἐπιτρέπομεν
1720 1971 1942 2019 βαπτίζειν,

453 2031 538 2076 οἷον
577 2030 864 2086 ἀναγνώσταις
897 2031 923 2086 ἢ
956 2033 1131 2086 φάλταις
1171 2032 1195 2086 ἢ
1228 2038 1436 2086 πυλωροῖς
1470 2031 1495 2094 ᾖ
1529 2032 1761 2088 ὑπηρέταις,
1797 2031 1886 2074 ἀλλ’
1902 2032 1941 2091 -ἢ
1966 2038 2007 2069 25

452 2098 590 2158 [ὄνοις
609 2099 855 2146 ἐπισκόποις
873 2100 944 2140 καὶ
960 2101 1262 2151 πρεσβυτέροις,
1291 2099 1676 2159 ἑξυπηρετουμένων
1694 2096 1834 2146 αὐτοῖς
1853 2103 1943 2139 τῶν

453 2164 672 2205 διακόνων.
731 2175 768 2205 2.
804 2162 844 2204 οἱ
873 2165 928 2204 δὲ-
944 2167 1177 2216 τολμῶντες
1210 2168 1338 2206 τοῦτο
1365 2169 1454 2206 τῶν
1488 2167 1698 2215 Κορειτιῦν
1728 2162 1942 2204 ὑποίσουσι

452 2230 522 2280 τὴν
551 2230 682 2282 δίκην.
733 2241 769 2282 3.
793 2228 878 2269 οὐκ
906 2229 1177 2281 ἐπιτρέπομεν
1204 2231 1247 2270 δὲ
1265 2230 1554 2280 πρεσβυτέροις
1581 2238 1828 2280 χειροτονεῖν
1857 2230 1941 2269 δια-

453 2293 600 2342 κόνους
624 2291 651 2345 ἢ
669 2295 932 2342 διακονίσσας
955 2292 980 2346 ἢ
997 2293 1264 2348 ἀναγνώστας
1288 2292 1314 2346 ἢ
1334 2293 1537 2348 ὑπηρέτας
1563 2292 1586 2345 ἢ
1607 2293 1742 2346 ω’δοὺς
1765 2290 1789 2345 ἢ
1808 2296 1943 2334 πυλω-

454 2358 557 2416 ρούς,
586 2358 696 2400 α’λλὰ
729 2358 875 2410 μόνοις
901 2367 988 2407 τοῖς
1015 2358 1273 2408 ἐπισκόποις·
1310 2358 1413 2411 αὕτη
1442 2360 1519 2412 γάρ
1548 2360 1633 2400 ἐστι
1666 2357 1779 2408 τάξις
1807 2360 1944 2409 ἐκκλη-
1968 2360 2009 2390 30

454 2424 635 2476 σιαστικὴ
664 2424 735 2465 καὶ
762 2421 950 2476 ἁρμονία.

553 2531 612 2566 21
638 2531 719 2566 Cor.
745 2541 796 2571 11,
824 2541 852 2573 3.
876 2550 916 2554 —
939 2535 961 2566 4
982 2531 1068 2566 Gen.
1095 2541 1124 2572 2,
1146 2541 1198 2567 21.
1223 2551 1262 2556 —-
1287 2535 1307 2566 6
1332 2531 1415 2566 Gen.
1443 2541 1470 2574 3,
1490 2532 1537 2565 16.
1562 2550 1599 2554 —
1628 2534 1668 2564 13
1691 2529 1750 2563 Mt.
1776 2539 1804 2573 3,
1831 2538 1878 2572 13.
1902 2548 1944 2554 —

456 2585 505 2619 Mt
528 2587 579 2627 28,
607 2594 658 2629 19.
685 2604 724 2609 —
749 2588 794 2621 20
816 2585 916 2619 Hebr.
939 2594 970 2629 5,
992 2594 1023 2627 4.
1048 2606 1087 2612 —
1112 2589 1156 2621 28
1177 2586 1208 2619 11
1230 2585 1366 2630 Paralip.
1392 2587 1443 2619 26.

457 2672 809 2715 18ἐπιτρέπωμενδ
833 2671 986 2714 ἀοΙτι
1010 2677 1113 2712 >m
1140 2674 1144 2714 Ι
1172 2675 1212 2707 19
1237 2670 1491 2715 εὐλογίας-ΒΟ
1519 2673 1524 2713 Ι
1553 2675 1597 2706 20
1619 2667 1736 2704 ἅλλ’ὁ
1760 2670 1943 2714 bdhp:

455 2723 530 2760 ἀλλὰ
546 2738 565 2760 a
580 2729 639 2769 (4-
655 2722 677 2761 o‘
689 2727 741 2769 ι’)
756 2736 779 2760 ο
796 2737 817 2758 ν
838 2727 845 2768 Ι
863 2728 957 2766 21122
972 2730 1046 2761 τῶν
1063 2724 1307 2762 ἐπισκόπωνὶι
1327 2728 1331 2767 Ι
1351 2730 1393 2761 22
1405 2723 1550 2769 αὖτὴνὶι
1569 2727 1575 2767 Ι
1594 2729 1636 2759 23
1648 2722 1759 2767 Ὀζίου
1774 2724 1796 2757 d
1812 2734 1833 2757 o
1849 2735 1870 2767 p
1888 2736 1908 2756 v
1932 2726 1935 2765 ξ

455 2775 688 2823 ἑποστήσεται
709 2783 779 2815 τοῦ
800 2776 844 2813 ¹0.
873 2790 893 2823 p
920 2791 941 2813 v
963 2781 969 2821 Ι
994 2784 1039 2815 25
1067 2777 1141 2814 ἀλλ’
1167 2777 1188 2823 ἢ
1211 2780 1234 2813 h
1262 2791 1270 2812 :
1302 2776 1322 2822 ἢ
1344 2790 1363 2813 a
1391 2780 1411 2812 b
1434 2779 1455 2813 d
1478 2790 1499 2823 p
1515 2791 1545 2820 v,
1570 2777 1674 2822 εἰμὴ
1698 2788 1719 2811 o
1744 2781 1748 2812 1
1776 2782 1818 2812 27
1848 2789 1946 2820 xopt-

453 2836 514 2866 τῶν
534 2836 555 2868 b
578 2847 609 2876 v,
633 2836 809 2878 κορητῶν
824 2832 883 2867 dh
900 2836 906 2876 1
925 2834 1152 2869 οὶπείσουσιν
1167 2834 1187 2867 b
1205 2845 1226 2867 ο
1246 2837 1250 2876 Ι
1271 2836 1313 2868 28
1336 2834 1374 2868 δὲ
1391 2845 1409 2866 a
1426 2834 1472 2867 h:
1496 2828 1562 2868 οὖν
1583 2833 1603 2865 d
1618 2844 1652 2865 m
1669 2844 1690 2876 p
1706 2844 1737 2872 v,
1762 2829 1830 2875 γὰρ
1847 2831 1866 2864 b
1881 2841 1903 2864 ο
1934 2834 1938 2875 Ι

453 2889 712 2933 πρεσβυτέρους
735 2889 761 2921 h
782 2889 789 2929 1
810 2889 856 2922 30
874 2885 1007 2929 μόνους
1028 2886 1112 2927 τοὺς
1135 2885 1354 2927 ἐπισκόπους
1375 2888 1398 2920 h
1418 2892 1422 2929 Ι
1443 2890 1483 2922 81
1509 2883 1662 2930 ἁρμοδία
1685 2887 1705 2919 d
