2457 3436
803 273 1129 303 CONSTITUTIONUM
1156 273 1422 303 APOSTOLORUM
1451 273 1531 302 vm.
1858 264 1911 302 89

410 371 647 421 φρὶττοντα
674 368 752 422 τὴν
778 368 938 421 τόλμαν
966 374 1056 411 τῶν
1080 370 1289 419 δυσσεβῶν
1305 365 1524 418 Ἰουδαίων,
1552 368 1606 422 μὴ
1624 370 1805 420 φέροντα
1833 373 1909 410 τοῦ

414 436 561 485 κυρίου
588 433 665 487 τὴν
693 429 828 486 ὕβριν·
870 436 906 475 6.
944 433 1093 489 ἑσπέρᾳ
1126 434 1169 475 δὲ
1203 430 1545 486 εὐχαριστοῦντες,
1582 431 1648 475 ὅτι
1684 431 1779 486 ἡμῖν
1812 430 1908 474 ἀνά-

414 510 567 540 παυσιν
596 498 722 540 ἔδωκε
752 505 842 540 τῶν
867 503 1153 553 μεθημερινῶν
1182 499 1327 541 κόπων
1355 497 1431 552 τὴν
1457 497 1605 540 νύκτα·
1651 512 1687 552 7.
1718 497 1909 550 α’λεκτρυ-

416 563 532 604 όνων
561 565 603 605 δὲ
632 568 787 617 κραυγῇ
815 563 881 606 διὰ
909 563 959 605 τὸ
986 564 1064 618 τὴν
1093 562 1207 616 ὥραν
1236 560 1559 617 εὐαγγελίζεσθαι
1584 563 1660 617 τὴν
1678 566 1909 615 παρουσίαν

415 633 490 681 τῆς
517 626 667 681 ἡμέρας
685 629 742 677 εἰς
761 629 947 682 ἐργασίαν
966 634 1054 670 τῶν
1072 634 1150 670 τοῦ
1168 628 1309 680 φωτὸς
1328 628 1471 682 ἔργων.
1520 630 1557 670 8.
1587 629 1623 670 εἰ
1648 628 1703 681 μὴ
1729 628 1908 670 δυνατὸν
1953 637 1977 667 5

416 693 461 733 ἐν
488 694 678 748 ἐκκλησίᾳ
705 695 892 747 προϊέναι
921 693 986 735 διὰ
1013 693 1111 742 τοὺς
1138 693 1348 744 α’πίστους,
1383 690 1470 734 κατ’
1503 692 1619 735 οἰκον
1647 691 1842 744 συνάξεις,
1873 688 1907 733 ὦ

416 758 625 808 ἐπίσκοπε,
660 758 728 800 ἵνα
754 758 808 812 μὴ
836 759 1058 812 εἰσέρχηται
1086 755 1248 812 εὐσεβὴς
1277 759 1332 806 εἰς
1360 758 1579 812 ἐκκλησίαν
1607 754 1777 808 ἀσεβῶν.
1836 754 1908 809 σι’-χ

417 819 441 864 ὁ
466 821 599 872 τόπος
622 822 699 875 γὰρ
718 822 797 864 τὸν
816 822 1048 875 ἄνθρωπον
1069 822 1231 877 ἁγιάζει,
1262 820 1349 864 ἄλλ’
1373 821 1396 864 ὁ
1418 822 1646 875 ἄνθρωπος
1665 822 1742 865 τὸν
1760 822 1906 866 τόπον.

418 899 454 939 9.
489 887 563 929 ἐὰν
597 889 640 929 δὲ
674 887 828 938 α’σεβεῑς
862 890 1060 940 κατέχωσι
1097 887 1172 929 τὸν
1203 888 1351 937 τόπον,
1386 889 1582 939 φευκτέος
1610 899 1675 930 σοι
1708 887 1815 929 ἔστω
1844 888 1909 929 διὰ

416 951 465 993 τὸ
499 956 762 1006 βεβηλῶσθαι
796 950 868 994 ὑπ’
899 951 1052 995 αὐτῶν.
1110 950 1165 1001 ὡς
1200 953 1275 1006 γὰρ
1312 953 1350 993 οἱ
1380 951 1485 994 ὅσιοι
1514 952 1631 1006 ἱερεῖς
1660 950 1906 1006 ἁγιάςουσιν,
1934 961 1978 991 10

417 1014 552 1066 οὕτως
581 1017 620 1058 οἱ
648 1018 802 1071 ἐναγεῖς
827 1019 1069 1070 μιαίνουσιν.
1132 1031 1190 1059 10.
1225 1019 1260 1060 εἰ
1293 1019 1336 1059 δὲ
1363 1018 1463 1072 μήτε
1491 1018 1537 1059 ἐν
1565 1018 1667 1071 οἴκῳ
1695 1016 1779 1071 ἅμα
1806 1019 1906 1071 μήτε

416 1081 460 1123 ἐν
488 1082 678 1137 ἐκκλησίᾳ
706 1087 1065 1135 συναθροισθῆναι
1094 1083 1284 1130 δυνατόν,
1321 1082 1492 1131 ἕκαστος
1519 1081 1611 1135 παρ’
1644 1081 1778 1135 ἑαυτῷ
1806 1087 1908 1135 ψαλ-

417 1147 535 1196 λέτω,
556 1145 885 1200 ἀναγινωσκέτω,
904 1149 1210 1200 προσευχέσθω,
1231 1147 1256 1202 ἢ
1276 1150 1344 1189 καὶ
1364 1144 1445 1200 ἅμα
1463 1147 1538 1189 δύο
1558 1146 1583 1202 ἢ
1604 1156 1721 1201 τρεῖς.
1768 1146 1906 1198 ,,ὅπου

414 1211 491 1264 γὰρ
525 1211 596 1253 ἐὰν
630 1206 745 1262 αἶσι“,
778 1215 901 1266 φησὶν
932 1210 955 1254 ὁ
982 1213 1135 1265 κύριος,
1171 1211 1273 1262 ,,δύο
1301 1211 1325 1266 ἢ
1354 1222 1461 1265 τρεῖς
1495 1214 1735 1266 συνηγμένοι
1771 1213 1816 1254 ἐν
1844 1218 1907 1265 τῷ

416 1272 587 1329 ὀνόματί
613 1292 704 1329 μου,
741 1277 824 1319 ἐκεῖ
854 1279 931 1330 εἶμι
966 1278 1011 1318 ἐν
1037 1279 1147 1331 μέσῳ
1177 1276 1360 1319 α·ὐτῶν“.
1422 1291 1482 1319 11.
1512 1277 1657 1326 πιστὸς
1684 1277 1785 1330 μετὰ
1812 1294 1906 1318 κατ·
1932 1286 1976 1317 15

415 1343 642 1394 ηχουμένου
679 1342 779 1396 μήτε
815 1341 906 1384 κατ’
940 1341 1057 1385 οἶκον
1092 1344 1401 1396 προσευχέσθω·
1444 1341 1497 1384 ου’
1529 1342 1604 1396 γὰρ
1638 1344 1797 1384 ὸίκαιον
1831 1343 1906 1383 τὸν

413 1407 667 1460 μεμυημένον
692 1407 794 1459 μετὰ
819 1413 898 1448 τοῦ
925 1404 1108 1460 ἀμυήτου
1130 1406 1475 1460 συμμολύνεσθαι.
1528 1419 1587 1448 12.
1617 1403 1779 1460 εὐσεβὴς
1806 1407 1906 1459 μετὰ

415 1471 626 1524 αἱρετικοῦ
652 1472 753 1525 μήτε
780 1470 874 1514 κατ’
894 1471 1010 1514 οἶκον
1029 1474 1338 1525 προσευχέσθω·
1369 1474 1459 1522 „vig
1477 1472 1553 1525 γὰρ
1572 1474 1770 1513 κοινωνία
1798 1474 1904 1523 φωτὶ

412 1535 518 1589 πρὸς
548 1535 743 1586 σκότος“,·
796 1551 855 1590 13.
883 1538 1029 1586 πιστὸς
1057 1534 1082 1590 ἢ
1110 1536 1233 1591 πιστὴ
1260 1537 1427 1586 δούλοις
1454 1538 1734 1588 συναφθέντες
1761 1535 1785 1591 ἢ
1814 1536 1905 1587 α’ᾳι-

414 1601 666 1643 στάσθωσαν
693 1601 718 1656 ἢ
750 1598 1140 1653 ἁποβαλλέσθωσαν.
1929 1610 1976 1641 20

524 1734 565 1766 12
587 1731 644 1765 Mt.
673 1732 720 1773 18,
745 1741 795 1766 20.
818 1752 861 1757 —
886 1735 926 1768 18
948 1732 977 1765 11
1001 1732 1078 1766 Cor.
1102 1731 1133 1772 6,
1159 1741 1208 1773 ¹4·

524 1854 540 1884 1
559 1851 765 1892 φρίττοντες
783 1856 794 1883 t
815 1852 819 1892 Ι
838 1848 887 1894 μή
904 1863 912 1884 :
931 1849 1056 1894 καὶμὴ
1074 1857 1087 1884 t
1107 1853 1110 1888 Ι
1135 1852 1188 1895 112
1203 1849 1267 1894 τὴν
1283 1854 1346 1886 τοῦ
1364 1863 1396 1884 κ.
1414 1846 1522 1894 ὕβριν
1537 1861 1572 1883 m
1591 1851 1596 1892 Ι
1617 1853 1638 1884 2
1662 1849 1795 1896 ἑσπέρᾳ
1812 1861 1834 1883 ν
1850 1850 1878 1883 C
1896 1861 1905 1883 ε

412 1903 567 1947 ἑσπέρας
589 1904 610 1936 b
633 1904 650 1937 f
667 1915 699 1945 n,
728 1901 784 1946 ἐφ’
808 1902 961 1947 ἑσπέρας
983 1916 1016 1938 m
1041 1916 1056 1938 s
1078 1912 1101 1945 t,
1133 1902 1187 1947 ἐφ’
1212 1903 1368 1948 ἑσπέραν
1389 1916 1408 1938 a
1427 1908 1431 1946 Ι
1452 1900 1536 1946 ὑμῖν
1559 1904 1575 1936 f
1596 1906 1600 1939 ἶ
1626 1907 1681 1947 2f3
1705 1901 1906 1938 α’νάπαυσιι·

412 1958 443 1991 h.
467 1957 489 1992 l.
513 1970 534 1990 v
558 1957 587 1992 C
611 1970 618 1991 :
643 1964 717 2003 post
741 1956 854 1993 ἔδωκε
879 1959 926 1992 rel
946 1961 951 2000 Ι
971 1959 1130 1993 δέδωκεν
1152 1970 1171 1992 a
1194 1960 1213 1992 b
1238 1971 1257 1992 v
1278 1961 1282 2000 1
1302 1962 1322 1993 3
1346 1962 1418 1992 τῶν
1434 1963 1479 1998 >
1495 1970 1513 1992 a
1537 1969 1570 1991 m
1593 1968 1609 1991 s
1633 1964 1645 1992 t
1666 1961 1669 1999 Ι
1689 1961 1825 2001 μεθημ.
1850 1959 1869 1990 b
1893 1964 1905 1990 t

412 2024 432 2044 v
455 2011 486 2045 C
510 2024 518 2045 :
542 2015 678 2056 καθημ.
701 2024 735 2046 m
759 2024 785 2054 s,
810 2009 991 2057 ἡμερινιῦν
1014 2024 1032 2046 a
1055 2013 1071 2046 f
1089 2025 1111 2046 n
1132 2018 1135 2053 Ι
1155 2017 1176 2047 4
1199 2013 1238 2047 δὲ
1261 2018 1305 2052 >
1329 2025 1349 2046 ν
1369 2014 1374 2053 Ι
1394 2017 1554 2056 κραυγῆς
1576 2013 1592 2045 f
1609 2016 1612 2054 Ι
1632 2016 1652 2047 5
1676 2012 1712 2047 εἰ
1732 2010 1781 2055 μὴ
1804 2016 1877 2046 κτλ.
1897 2024 1905 2045 τ

414 2066 576 2110 inscripsit
599 2066 683 2100 hanc
707 2067 888 2100 sectionem
912 2069 995 2111 περὶ
1019 2071 1082 2103 τοῦ
1105 2065 1155 2110 μὴ
1179 2067 1409 2111 εἰσέρχεσθαι
1437 2067 1488 2107 εἰς
1504 2066 1698 2110 ἐκκλησίαν
1712 2066 1906 2109 αἱρετικῶν

412 2116 589 2161 εὔξασθαι
614 2120 627 2153 f
649 2132 680 2160 n,
711 2123 794 2164 περὶ
825 2125 887 2156 τοῦ
909 2119 959 2164 μὴ
985 2121 1215 2165 εἰσέρχεσθαι
1238 2120 1365 2156 πιστὸν
1390 2121 1442 2161 εἰς
1465 2120 1660 2164 ἐκκλησίαν
1690 2118 1851 2155 ἀπίστων
1875 2133 1905 2161 v,

411 2176 496 2217 περὶ
520 2172 634 2209 τόπου
664 2172 780 2218 εὐχῶν
801 2186 819 2209 a
851 2180 855 2217 Ι
886 2179 907 2210 6
935 2176 1121 2218 προσιέναι
1153 2177 1172 2209 b
1196 2175 1212 2208 f
1231 2188 1251 2209 v
1274 2181 1313 2209 a¹2
1343 2179 1347 2217 1
1380 2179 1399 2210 7
1423 2173 1561 2219 ἀσεβὴς
1583 2202 1591 2209 .
1616 2202 1624 2209 .
1649 2172 1815 2219 εὐσεβῶν
1837 2185 1871 2206 m
1897 2206 1899 2213 ,

409 2232 432 2263 8
454 2225 597 2271 ἁγιάζει
621 2226 685 2263 τὸν
705 2225 903 2272 ἄνθρωπον
924 2241 945 2263 ν
965 2235 969 2270 1
990 2233 1009 2264 9
1033 2229 1097 2264 ἐὰν
1115 2249 1153 2253 -
1172 2227 1283 2264 τόπον
1301 2235 1343 2269 >
1363 2231 1382 2263 b
1402 2241 1406 2271 ι
1428 2229 1467 2264 δὲ
1483 2241 1490 2263 :
1508 2224 1572 2264 οὖν
1589 2229 1624 2264 f}
1646 2229 1834 2271 κατέχουσι
1855 2240 1872 2260 a

411 2282 590 2324 φευκτέος
611 2282 629 2316 s
646 2294 654 2316 :
678 2289 874 2324 φευκταῖος
895 2284 941 2317 rel
965 2285 1170 2326 (φευκταῖοι
1194 2284 1223 2326 t)
1242 2285 1248 2325 Ι
1268 2295 1324 2317 σοι
1350 2289 1393 2323 >
1418 2289 1431 2316 t
1462 2286 1466 2326 Ι
1495 2281 1658 2318 ἔστωσαν
1680 2290 1692 2315 t
1718 2284 1723 2325 Ι
1751 2287 1790 2316 10
1813 2278 1871 2317 ὑπ’
1896 2294 1905 2315 ;

411 2333 976 2380 a'rt'blol>amst13mot
1003 2332 1750 2379 ψκαὶεξΙΙοῧτωςψκαὶηξᾶμα>
1776 2347 1900 2378 anvff

412 2395 454 2425 12
475 2389 560 2434 παρ’
588 2402 622 2424 m
646 2391 675 2425 C
698 2403 706 2425 :
730 2396 773 2431 >
798 2392 845 2425 rel
874 2393 878 2434 Ι
913 2396 1004 2427 13114
1033 2387 1125 2427 ὅπου
1148 2411 1188 2417 -
1211 2397 1307 2435 τρεῖς
1329 2396 1371 2430 >
1396 2402 1414 2424 a
1444 2393 1447 2432 Ι
1478 2395 1518 2425 14
1542 2389 1605 2425 ἐὰν
1633 2386 1699 2425 ὦσι
1724 2403 1731 2424 :
1757 2390 1825 2425 εἰσι
1851 2402 1870 2422 v

413 2446 512 2486 14s15
535 2445 751 2488 συνηγμένοι
770 2465 810 2469 -
827 2458 899 2488 μου
922 2458 930 2479 :
956 2446 1008 2486 εἰς
1030 2444 1071 2480 τὸ
1096 2445 1183 2489 ἐμὸν
1199 2442 1313 2488 ὄνομα
1332 2445 1546 2488 συνηγμένοι
1564 2442 1665 2479 εἶπεν
1681 2441 1701 2479 ὃ
1720 2443 1842 2488 κύριος
1858 2457 1875 2479 a
1897 2460 1900 2471 2

414 2503 454 2533 15
479 2496 530 2534 σ’ν.
553 2511 625 2541 μου
649 2511 657 2533 :
679 2498 756 2542 ἐμῶ
778 2498 927 2542 ὀνόματι
952 2501 972 2534 b
997 2503 1002 2543 Ι
1026 2498 1152 2540 πιστὸς
1174 2504 1247 2534 κτλ.
1273 2512 1280 2534 :
1302 2500 1465 2543 inscripsit
1481 2497 1573 2542 μετὰ
1598 2501 1703 2533 τίνων
1728 2495 1903 2540 εὔξασθαι

412 2555 472 2589 δεῖ
490 2565 510 2586 a
529 2555 535 2595 Ι
557 2557 596 2588 16
618 2551 708 2597 μήτε
732 2565 767 2587 m
790 2565 805 2587 s
823 2560 836 2587 t
851 2555 880 2588 C
904 2567 911 2588 :
934 2555 1025 2599 μηδὲ
1048 2555 1094 2589 rel
1115 2557 1118 2595 i
1142 2558 1235 2594 16118
1251 2551 1293 2589 οὐ
1317 2552 1386 2598 γὰρ
1403 2574 1441 2578 -
1458 2553 1718 2597 προσευχέσθω
1736 2558 1780 2592 >
1798 2566 1831 2587 ru
1856 2566 1870 2588 s

412 2610 454 2641 18
474 2604 567 2650 μήτε
589 2613 603 2641 t
626 2607 655 2641 C
679 2620 686 2641 :
707 2608 800 2651 μηδὲ·
823 2609 869 2642 rel
889 2612 893 2651 ί
914 2612 967 2649 τίς
992 2621 999 2643 :
1023 2621 1056 2644 τι
1080 2621 1100 2642 ν
1121 2610 1125 2651 Ι
1148 2612 1240 2643 1819
1262 2610 1315 2648 τίς
1334 2628 1373 2633 -
1391 2605 1521 2648 σκότος
1536 2612 1579 2648 >
1596 2614 1609 2640 t
1630 2620 1633 2648 ;
1656 2611 1695 2643 19
1718 2606 1843 2648 πιστὸς
1867 2628 1885 2630 —

410 2658 750 2704 ἅποβαλλέσθωσαν
772 2667 816 2701 >
840 2663 860 2696 b
884 2662 899 2695 f
917 2675 939 2696 n
