2457 3436
677 368 1001 398 consum-nones
1028 369 1295 399 APOSTOLORL'M
1324 371 1358 405 v,
1389 372 1438 410 13,
1462 373 1578 412 4—14,
1602 373 1632 405 8.
1826 364 1903 402 271

452 464 608 505 tam-da
647 462 674 516 ἡ
704 466 871 524 Quia
905 467 979 519 τῆς
1005 469 1341 519 τεσσαρακοστῆς,
1373 466 1534 527 μνήμῃν
1561 469 1801 520 περιέχουσα
1828 475 1905 522 τῆς

452 532 460 565 ἰ
480 531 649 580 κυρίου
667 532 879 579 πολιτείας
895 546 941 572 τε
960 533 1027 571 καὶ
1047 534 1304 583 νομοθεσίας.
1343 532 1613 574 ἐπιτελείσθω
1631 534 1676 574 δὲ
1694 530 1720 585 ἡ
1738 538 1903 593 νηστεία

452 608 492 653 :31
522 593 619 645 ,πρὸ
650 599 724 647 τῆς
752 598 939 648 νηστείας
964 600 1043 637 τοῦ
1070 595 1220 648 πάσχα,
1258 595 1458 651 ἀρχομένη
1485 599 1561 649 μὲν
1588 594 1672 639 άπὸ
1699 590 1901 649 δευτέρας,

452 660 668 719 Ευμέν-ιὶ
706 660 750 701 δὲ
789 661 847 708 εἰς
881 660 1157 721 παρασκει-ή-ιζ.
1224 676 1262 714 4.
1301 660 1398 714 μεθ’
1435 659 1483 710 ἃς
1522 661 1902 717 α’πονηστεόσαντες

452 729 580 776 'pube
625 729 701 778 τῆς
742 721 860 777 ἁγίας
898 729 976 767 τοῦ
1010 724 1147 778 πάσχα
1190 725 1421 779 ἑβδομάδος,
1465 728 1733 781 νηστεύοντες
1772 728 1902 782 αὐτὴν
1945 736 1969 769 ⁶

452 803 551 837 ντες
582 790 691 841 μετὰ
723 789 862 842 φόβου
894 791 964 831 καὶ
995 789 1167 843 τρόμου,
1200 791 1517 844 ,προσευχόμενοι
1554 792 1599 834 ἐν
1633 791 1777 841 αὐταῖς
1809 795 1901 845 ,περὶ

452 858 483 894 ’ν
513 852 835 907 ἀπολλυμένων.

505 919 624 961 XIV.
656 917 860 971 Ἤρξαντο
886 919 964 974 γὰρ
992 918 1067 973 τήν
1095 919 1201 962 κατὰ
1232 925 1308 962 τοῦ
1337 923 1482 972 κυρίου
1508 922 1663 976 βουλὴν
1690 926 1899 964 ποιεῖσθαι

452 986 571 1040 πέρᾳ
598 984 822 1034 σαββάτων
848 986 944 1038 μηνὶ
971 983 1139 1038 πρώτῳ,
1171 982 1330 1045 {ig—&ou
1350 985 1579 1034 Ξανθικός·
1609 988 1677 1028 καὶ
1705 991 1755 1038 τῇ
1783 989 1899 1039 τρίτῃ

452 1052 478 1090 ΰ
517 1049 732 1099 σαββάτου
774 1051 1015 1101 παρέτεινεν
1051 1047 1077 1101 ἡ
1117 1051 1272 1100 σκέψις,
1317 1057 1369 1103 τῇ
1408 1052 1452 1093 δὲ
1490 1051 1654 1102 τετράδι
1694 1049 1899 1104 ὡρίσαντο
1923 1059 1967 1091 10

452 1118 569 1167 πυρῷ
602 1114 763 1156 α’νελετν
798 1111 942 1157 αὐτόν.
997 1126 1034 1156 2.
1063 1117 1131 1157 καὶ
1157 1112 1307 1191 Ἰούδας
1338 1115 1461 1168 γνοὺς
1488 1120 1629 1165 τοῦτο,
1664 1115 1711 1157 ἐκ
1737 1120 1901 1157 πολλου

452 1193 476 1220 ν
452 1180 843 1239 διαστραφείς,
816 1180 914 1222 τότε
947 1180 990 1221 δὲ
1022 1182 1092 1221 καὶ
1124 1178 1191 1221 ὑπ’
1228 1177 1359 1222 αὐτοῦ
1392 1184 1468 1222 τοῦ
1501 1181 1698 1231 διαβόλου
1732 1182 1899 1240 βλῃθεὶς

452 1246 661 1304 Q,
696 1246 831 1286 καίτοι
867 1245 995 1286 πάλαι
1033 1245 1084 1287 τὸ
1121 1245 1417 1298 γλωσσόκομον
1454 1247 1791 1298 ἐγκεχειρισμένος
1830 1247 1899 1287 καὶ

452 1309 596 1350 ἐττων
624 1309 677 1351 τὰ
711 1315 802 1351 τῶν
453 1309 1038 1369 ——xemjvmm
1074 1309 1152 1351 οὐκ
1183 1309 1402 1364 ἀπεβλήθη
1435 1308 1518 1352 ὑπὸ
1546 1315 1623 1353 τοῦ
1658 1313 1803 1362 κυρίου
1831 1309 1897 1351 διὰ

452 1376 709 1426 προθυμίαν·
746 1373 853 1416 αλλὰ
886 1377 954 1416 καί
985 1390 1089 1416 ποτε
1120 1376 1194 1427 μὲν
1228 1374 1485 1426 ἑστιωμένων
1518 1374 1633 1430 ἡμῶν
1662 1376 1739 1416 σὺν
1768 1374 1898 1427 αυτῷ,
1923 1382 1965 1413 15

452 1439 655 1492 νυλόμενος
681 1442 751 1481 καὶ
779 1439 912 1481 αυτὸν
939 1443 1191 1492 σωφρονίσαι
1220 1442 1287 1482 καὶ
1314 1437 1416 1501 ᾑμᾶς
1443 1442 1658 1482 παιδεῦσαι
1686 1440 1765 1493 τὴν
1799 1439 1898 1493 πρό-

452 1517 558 1545 ’mm
592 1502 735 1555 αὐτοῦ,
772 1506 895 1558 λέγει·
931 1504 1076 1566 ηΑμῂν
1110 1503 1215 1559 ἀμὴν
1249 1506 1353 1559 λέγω
1381 1503 1489 1557 ὑμῖν,
1526 1505 1591 1547 ὅτι
1620 1503 1676 1553 εἷς
1710 1506 1753 1556 ἐξ
1780 1502 1900 1558 ὑμῶν

452 1568 638 1621 ιραδώσει
665 1574 755 1623 μέῖ
807 1582 843 1623 3.
868 1571 937 1612 καὶ
955 1568 1165 1613 ἑκάστου“
1146 1585 1266 1626 ημων
1283 1573 1492 1624 λέγοντος
1522 1570 1644 1623 ,,μη’τι
1662 1570 1770 1623 ἐγώ“
1776 1586 1791 1619 ,·
1832 1571 1899 1611 καὶ

452 1648 486 1675 m
512 1637 655 1686 κυρίου
673 1647 938 1684 σιωκωντος,
968 1634 1145 1684 αναστὰς
1171 1635 1264 1688 ἐγώ,
1292 1633 1350 1684 εἷς
1373 1636 1420 1677 ἐκ
1443 1641 1532 1677 τῶν
1555 1634 1725 1683 δώδεκα,
1755 1634 1898 1685 φιλού-

452 1713 526 1747 ῑνος
564 1704 706 1742 ,πλεῖον
753 1705 845 1741 τῶν
889 1698 1028 1742 ἄλλων
1071 1697 1138 1741 ὑπ’
1181 1700 1324 1748 αὐτοῦ,
1370 1699 1727 1752 ἐνστερνισάμενος
1768 1696 1898 1758 αὐτὸν
1920 1704 1966 1736 20

521 1823 559 1853 12
578 1819 690 1854 Ioann.
719 1828 770 1859 12,
794 1819 825 1852 6.
852 1838 891 1842 —
917 1823 956 1852 17
981 1819 1092 1853 Ioann.
1119 1828 1168 1862 13,
1193 1829 1243 1853 21.
1269 1839 1306 1843 —
1334 1823 1375 1853 18
1397 1819 1456 1853 Mt.
1480 1819 1531 1861 26,
1556 1828 1606 1853 22.

513 1920 533 1949 2
554 1928 589 1951 τε
611 1921 656 1955 >
681 1918 703 1949 b
726 1927 748 1949 ο
775 1920 783 1956 Ι
807 1920 862 1956 2s'3
885 1910 972 1979 αὕτη
998 1913 1018 1959 ἡ
1044 1918 1187 1960 νηστεία
1211 1916 1233 1950 h
1258 1918 1264 1958 Ι
1290 1920 1310 1951 8
1335 1917 1528 1959 νηστείεας
1554 1915 1677 1958 ἑορτῆς
1700 1916 1722 1949 h
1741 1918 1745 1957 1
1766 1921 1786 1950 4
1810 1928 1899 1950 απο-

452 1980 631 2010 met-ort&
653 1972 677 2004 h
697 1974 701 1999 Ι
724 1975 754 2011 5
750 1974 783 2004 6
806 1967 920 2012 αυτὴν
944 1988 980 1995 -
1006 1968 1130 2009 αυταῖς
1152 1975 1196 2009 >
1219 1972 1239 2004 b
1263 1981 1284 2004 o
1302 1973 1308 2012 Ι
1329 1974 1350 2004 6
1373 1965 1529 2009 ἅπαιτες
1549 1971 1570 2003 d
1592 1971 1614 2003 h
1634 1975 1638 1996 ¹
1659 1974 1679 2004 8
1703 1968 1899 2014 ἐπιβουλὴν

464 2033 520 2057 mo
535 2036 554 2068 p
568 2036 589 2056 ν
608 2028 612 2065 l
632 2027 827 2059 ποιεῖσθαι
849 2031 923 2067 post
938 2027 1065 2067 κυρίου
1080 2025 1101 2058 b
1118 2035 1139 2058 o
1159 2035 1163 2063 ι
1184 2028 1203 2059 9
1227 2025 1378 2067 δευτέρα
1399 2027 1434 2064 -ὶ-
1452 2028 1524 2058 τῶν
1539 2025 1560 2057 d
1582 2028 1585 2060 i
1606 2022 1781 2068 σαββάτω
1807 2025 1826 2057 b
1842 2035 1863 2058 o
1889 2026 1893 2067 Ι

452 2074 641 2120 automno
665 2091 674 2113 ε
700 2074 843 2121 ιῖἷρισαν
865 2081 915 2111 τῶ
938 2090 967 2119 a,
996 2080 1210 2121 διωρίσαιτο
1233 2080 1253 2112 b
1276 2090 1308 2119 o,
1332 2076 1505 2121 διώρισαν
1528 2082 1577 2112 τῶ
1601 2079 1621 2111 d
1650 2083 1653 2121 Ι
1685 2082 1724 2113 13
1747 2081 1863 2113 καίτοι
1889 2091 1896 2111 :

452 2134 579 2174 walh,
604 2145 647 2176 γε
672 2134 693 2165 b
717 2129 1191 2173 οιπάλαι-ι-καὶδοΙῙὸ
1213 2130 1697 2178 μὲνεοε>τεΙΙαῦτῴψ
1718 2134 1780 2167 καὶ
1804 2134 1823 2165 b
1844 2144 1864 2166 o
1891 2135 1895 2175 Ι

452 2186 579 2230 ΐλέγων
600 2189 649 2229 οι
671 2185 770 2230 α’μὴν
793 2196 852 2220 sec
867 2191 911 2225 >
927 2188 947 2220 b
963 2187 985 2220 h
1007 2197 1041 2220 m
1065 2198 1087 2220 o
1103 2198 1124 2231 p
1142 2199 1162 2219 v
1185 2186 1225 2220 cf.
1241 2187 1300 2220 Mt.
1321 2187 1373 2226 26,
1391 2196 1447 2227 21;
1471 2186 1534 2219 Mc.
1555 2196 1603 2227 14,
1624 2188 1661 2220 18
1683 2197 1687 2228 ᾗ
1709 2190 1748 2222 19
1771 2189 1899 2228 κυρίου

452 2255 461 2261 ·
477 2238 630 2280 εἰπόντος
652 2242 716 2274 καὶ
741 2240 762 2273 b
785 2250 808 2273 o
838 2242 843 2271 ἵ
874 2240 915 2274 ἐκ
937 2245 980 2279 >
1004 2252 1037 2274 m
1062 2251 1083 2284 p
1108 2252 1128 2273 v
1159 2243 1163 2280 !
1196 2242 1294 2281 19l20
1318 2237 1534 2282 φιλούμενος
1558 2252 1565 2274 :
1589 2238 1681 2274 πάνυ
1705 2252 1740 2282 φ.
1764 2241 1794 2279 d,
1818 2237 1837 2274 ὁ
1861 2253 1898 2282 φ.

452 2302 485 2335 tp
500 2298 506 2337 Ι
521 2299 562 2329 20
584 2297 703 2330 πλείω
727 2295 748 2327 b
771 2304 794 2328 o
816 2301 821 2332 Ι
843 2290 898 2329 vn'
921 2292 1029 2330 αὐτοῦ
1050 2300 1127 2338 post
1149 2292 1366 2336 φιλούμενος
1389 2305 1422 2327 m
1447 2305 1466 2338 p
1490 2306 1510 2326 v

452 2393 469 2425 ιὶ
495 2396 527 2427 τι·
558 2393 599 2428 ἐν
597 2365 772 2435 “iudom
810 2388 924 2439 ἡμέρα
953 2391 1119 2436 ἐπράχθη
1185 2394 1300 2427 onibus
1324 2392 1365 2425 ad
1386 2393 1451 2425 hoc
1468 2398 1563 2436 caput
1579 2392 1800 2435 spectantibus
1817 2391 1898 2424 Pro-

452 2447 477 2479 ἰν
485 2446 520 2482 ἐν
529 2451 581 2493 τῷ
594 2445 729 2481 πάθει·
748 2448 811 2480 καὶ
822 2448 907 2488 περὶ
918 2450 980 2481 τοῦ
992 2444 1118 2482 Ἰούδα·
1184 2447 1361 2491 legomena
1384 2446 1424 2480 V.

452 2514 459 2533 ι
480 2499 519 2536 ov'
542 2504 741 2543 συμπαρῆν
763 2497 895 2539 Ἰούδας
922 2499 961 2535 ἐν
982 2504 1033 2546 τῷ
1057 2498 1120 2535 τὸν
1231 2512 1258 2535 1.
1282 2500 1530 2537 Cs.Didascalia
1542 2511 1570 2533 c.
1588 2507 1744 2542 17,1—2.
1769 2498 1895 2530 Primus

452 2568 521 2598 ριον
554 2561 633 2595 τοῖς
666 2557 854 2597 μαθηταῖς
886 2552 1119 2597 παραδιδόναι
1185 2556 1308 2589 mensis
1332 2561 1382 2588 est
1405 2555 1527 2588 auctori
1547 2552 1750 2586 Didascaliae
1775 2552 1900 2584 mensis

475 2607 666 2652 μυστήρια.
712 2609 767 2642 De
796 2609 948 2652 passione
971 2609 1119 2649 Domini,
1185 2609 1290 2643 Nisan
1319 2609 1498 2641 secundum
1527 2607 1808 2651 computationem
1833 2606 1899 2637 He-

460 2665 532 2708 quid
560 2665 595 2698 in
626 2662 771 2707 siugulis
799 2662 911 2696 diebus
939 2668 1049 2696 actum
1079 2663 1121 2696 sit
1186 2664 1370 2696 braeorum.
1427 2661 1633 2695 Constitutor
1672 2661 1701 2693 ei
1736 2659 1901 2693 substituit

452 2730 521 2759 um,
547 2729 633 2764 quae
655 2718 698 2751 ad
723 2717 914 2761 passionem
937 2717 1119 2761 pertineut;
1187 2716 1386 2750 Xanthicum
1398 2716 1450 2748 vel
1459 2714 1902 2759 NisanSyro-Macedonum,

453 2774 491 2807 de
507 2774 603 2814 1uda;
628 2771 722 2817 quod
745 2781 816 2804 non
839 2771 991 2805 intererat
1012 2771 1119 2811 Iudas,
1187 2771 1241 2815 qui
1264 2770 1371 2803 mensi
1394 2770 1498 2813 Aprili
1516 2770 1742 2803 Romanorum
1766 2777 1903 2810 respon-

452 2829 523 2862 mdo
563 2828 736 2862 Dominus
783 2826 909 2859 tradidit
953 2825 1122 2870 discipulis
1188 2826 1253 2859 det.
1291 2823 1344 2857 cf.
1367 2823 1481 2865 Ideler,
1505 2823 1663 2856 Lehrbuch
1686 2823 1743 2854 der
1762 2820 1906 2852 Chrono-

453 2889 608 2916 ramenta.
643 2900 684 2906 —-—
717 2879 774 2914 cf.
804 2880 845 2913 de
867 2880 1122 2923 aliis-inscripti-
1188 2880 1273 2923 logie
1299 2878 1376 2920 1831
1405 2889 1435 2921 p.
1463 2878 1532 2911 180.
