2457 3436
611 876 1242 935 SACRAMENTARIUM
1280 876 1689 935 SERAPIONIS.

1056 1067 1073 1108 I
1125 1079 1190 1109 xix
1216 1100 1226 1109 .

834 1144 987 1186 oratio
1014 1066 1164 1194 mnia
1192 1066 1456 1186 gominieae.

514 1241 547 1269 1.
579 1228 844 1282 Deprecamur
872 1235 912 1271 te
939 1237 1087 1284 patrem
1114 1230 1318 1283 unigeniti,
1347 1229 1554 1271 dominum
1577 1230 1758 1279 universi,
1788 1243 1891 1271 crea-

396 1299 528 1334 torem
557 1301 830 1344 creaturarum,
869 1292 1057 1336 factorem
1089 1293 1301 1346 factorum3
1339 1294 1504 1336 mundas
1534 1294 1780 1336 extendimus
1809 1309 1890 1336 ma·

398 1371 472 1398 nus
512 1364 550 1399 et
588 1366 741 1400 mentes
778 1358 974 1400 elevamus
1011 1358 1059 1400 ad
1087 1366 1139 1407 te,
1179 1359 1371 1410 Domine;
1412 1371 1449 1400 2.
1485 1372 1655 1409 oramuS,
1691 1360 1889 1409 miserere,

396 1436 525 1476 parce,
563 1421 736 1474 benefac,
776 1423 955 1474 emenda,
993 1437 1093 1476 auge
1127 1425 1166 1465 in
1203 1425 1343 1465 virtute
1381 1431 1419 1465 et
1454 1423 1531 1465 fide
1569 1431 1607 1465 et
1641 1424 1889 1477 cognitione;

400 1499 434 1539 3.
466 1488 609 1528 intuere
637 1502 712 1537 nos,
742 1489 931 1539 Domine,
961 1488 1008 1530 ad
1037 1495 1077 1530 te
1097 1487 1340 1529 infirmitates
1361 1495 1515 1530 nostras
1537 1489 1770 1539 emittimus;
1801 1502 1890 1542 pro-

396 1551 534 1605 pitiare
563 1558 601 1593 et
630 1552 814 1594 miserere
838 1552 953 1593 simul
974 1553 1153 1594 omnium
1175 1559 1374 1603 nostrum3
1404 1554 1589 1594 miserere
1609 1552 1742 1607 populi
1762 1552 1889 1602 huius,

397 1614 557 1657 benefac
586 1617 635 1666 ei,
663 1616 876 1670 benignum
907 1625 946 1658 et
975 1624 1123 1659 castum
1145 1625 1183 1659 et
1204 1616 1395 1658 mundum
1417 1631 1508 1659 eum
1528 1616 1647 1659 redde
1668 1625 1707 1659 et
1726 1618 1889 1659 virtutes

395 1680 591 1734 angelicas
621 1682 744 1731 mitte,
780 1689 821 1723 ut
857 1682 918 1723 hic
954 1682 1120 1736 populus
1155 1689 1243 1724 tuus
1278 1683 1482 1723 universus
1511 1689 1665 1724 sanctus
1695 1690 1734 1724 et
1763 1689 1888 1724 castus

397 1746 459 1787 sit.
510 1760 548 1799 4.
578 1746 780 1801 Deprecor
807 1754 860 1798 te,
891 1747 1002 1788 mitte
1026 1748 1203 1801 spiritum
1227 1754 1405 1788 sanctum
1435 1748 1474 1788 in
1500 1755 1676 1789 mentem
1697 1755 1887 1798 nostram,

397 1816 436 1851 et
464 1809 604 1864 largire
632 1811 746 1853 nobis
775 1811 925 1853 discere
953 1812 1160 1866 scripturas
1189 1811 1337 1852 divinas
1366 1825 1387 1852 a
1416 1812 1552 1865 spiritu
1580 1819 1715 1853 sancto
1746 1826 1888 1867 easque

397 1875 639 1929 interpretari
673 1890 768 1931 pure
799 1883 838 1918 et
867 1875 998 1930 digne,
1034 1883 1077 1917 ut
1110 1875 1278 1917 fructum
1315 1876 1464 1930 capiant
1499 1876 1631 1930 populi
1665 1885 1887 1930 praesentes

397 1953 552 1991 omnes,
587 1954 656 1995 per
690 1942 936 1995 unigenitum
971 1948 1081 1983 tuum
1111 1941 1240 1982 Iesum
1271 1940 1472 1982 Christum
1502 1942 1543 1982 in
1572 1948 1707 1982 sancto
1736 1942 1887 1995 spiritu,

398 2018 466 2058 per
501 2019 618 2060 quem
652 2005 720 2046 tibi
755 2006 879 2059 gloria
914 2013 953 2047 et
987 2006 1194 2060 imperium
1231 2013 1269 2046 et
1304 2019 1409 2047 nunc
1438 2014 1476 2047 et
1506 2006 1545 2047 in
1575 2006 1708 2047 omnia
1738 2006 1889 2048 saecula

397 2069 655 2120 saeculorum,
685 2085 813 2111 amen.

395 2324 608 2359 memoretur,
637 2318 794 2362 colligere
824 2318 909 2359 licet,
945 2317 1108 2361 liturgiam

395 2379 464 2405 tum
481 2372 639 2416 temporis
657 2373 802 2406 nondum
820 2372 956 2406 sabbato
975 2372 1108 2405 sollem-

394 2427 478 2459 niter
510 2426 707 2459 celebratam
737 2426 849 2466 fuisse,
882 2427 936 2471 qui
970 2435 1045 2459 mos
1075 2426 1108 2458 in

394 2480 534 2513 Oriente
555 2480 631 2513 inde
654 2480 694 2513 ab
718 2490 805 2513 anno
826 2489 887 2523 370
909 2480 1036 2513 circiter
1059 2481 1107 2513 in-

393 2534 572 2567 olescebat.

436 2598 468 2629 4.
485 2588 674 2632 Doxologia
692 2588 724 2622 in
743 2588 895 2622 omnibus
908 2588 1109 2621 orationibus

394 2642 462 2676 sere
480 2642 596 2676 eadem
612 2648 677 2683 est;
693 2652 810 2676 omnes
827 2643 972 2687 inprimis
988 2643 1109 2676 habent

393 2696 492 2729 verba
520 2694 579 2730 διὰ
607 2699 671 2731 τοῦ
701 2699 925 2739 μονογενοῦς
953 2695 993 2731 ἐν
1015 2692 1108 2742 ἇγίῳ

392 2749 583 2793 πνεύματι,
607 2749 651 2785 δι’
674 2744 716 2786 οὗ
734 2752 793 2785 σοὶ
815 2751 866 2784 vel
884 2749 942 2793 (cf.
958 2751 1005 2783 1v
1022 2753 1108 2795 sqq.)

392 2801 437 2838 δι’
461 2798 504 2840 οὗ
532 2806 592 2838 σοὶ
620 2803 660 2839 ἐν
686 2801 779 2850 ἁγίῳ
808 2802 996 2847 πνεύματι,
1025 2815 1108 2848 quae

393 2858 535 2891 formula
554 2864 603 2892 est
619 2859 791 2903 antiquior,
816 2869 889 2892 cum
909 2859 983 2891 inde
999 2869 1017 2892 a
1036 2869 1107 2892 sae-

1176 2319 1250 2352 culo
1274 2319 1318 2352 IV
1343 2319 1454 2352 medio
1485 2318 1624 2351 formula
1653 2315 1739 2359 μεθ’
1762 2311 1805 2353 οὗ
1829 2320 1888 2352 σοὶ

1175 2374 1236 2406 καὶ
1251 2376 1302 2417 τῷ
1318 2368 1412 2417 ἁγίῳ
1429 2370 1602 2414 πνεύματι
1620 2371 1801 2405 Catholicis
1818 2383 1889 2406 ma-

1175 2427 1225 2470 gis
1249 2426 1414 2470 placuerit.
1454 2425 1605 2459 Formula
1627 2421 1647 2468 ἢ
1664 2423 1750 2466 δόξα
1771 2428 1830 2460 καὶ
1845 2424 1887 2460 τὸ

1175 2477 1305 2522 κράτος
1317 2481 1459 2513 maxime
1471 2479 1556 2523 apud
1568 2481 1754 2524 Aegyptios
1770 2480 1888 2513 usitata

1175 2533 1243 2567 suit.
1291 2534 1433 2577 Liturgia
1456 2534 1558 2567 Marci
1582 2544 1656 2567 eam
1680 2533 1747 2567 fere
1776 2534 1887 2568 decies

1176 2588 1283 2629 habet,
1307 2588 1452 2632 Liturgia
1474 2588 1585 2621 iacobi
1609 2588 1722 2629 semel,
1752 2588 1886 2622 Consti-

1175 2643 1318 2676 tutiones
1342 2642 1569 2687 apostolorum
1591 2642 1705 2681 semel,
1728 2652 1790 2675 nec
1805 2652 1888 2676 vero

1174 2697 1207 2729 in
1230 2696 1368 2740 liturgia,
1398 2697 1456 2730 sed
1479 2697 1510 2730 in
1534 2697 1684 2729 oratione
1706 2696 1747 2729 ad
1769 2706 1886 2730 cenam

1173 2751 1244 2791 Vll,
1262 2759 1315 2794 49,
1339 2751 1496 2784 homiliae
1520 2750 1752 2794 Chrysostomi
1775 2755 1886 2783 autem

1173 2815 1311 2848 saepius.

1914 1693 1957 1724 10

1914 2017 1955 2047 15
