2457 3436
925 367 1190 398 Aposrommm
1220 368 1285 406 vn,
1313 369 1365 407 34,
1389 369 1444 401 6—
1454 370 1507 406 35,
1529 368 1561 400 2.
1906 358 1984 396 429

472 464 680 519 sapientia
711 464 897 505 idoneam
925 464 1133 519 unicuique
1161 464 1431 518 provisionem
1460 463 1637 517 largitur;
1676 464 1776 505 sicut
1804 464 1908 505 enim
1938 463 1985 505 ad

472 529 587 569 varia
625 542 777 582 genera
813 527 1064 582 producenda
1100 542 1183 569 non
1217 527 1289 570 fuit
1322 528 1499 579 invalida,
1534 529 1589 569 sic
1629 542 1755 583 neque
1792 527 1984 570 diversam

475 593 801 647 uniuscuiusque
829 606 959 634 curam
988 593 1183 646 suscipere
1213 592 1395 646 neglexit.
1453 595 1490 634 6.
1526 593 1655 647 Atque
1683 592 1731 633 ad
1766 601 1983 635 extremum

477 657 707 699 creationis
745 657 934 699 mandans
972 664 1061 699 tuae
1104 658 1314 711 sapientiae
1355 657 1564 699 condidisti
1605 657 1791 699 rationale
1830 658 1983 708 animal,

479 721 631 763 mundi
652 722 795 772 civem,
825 721 977 763 dicens:
1007 722 1209 763 Faciamus
1235 721 1416 763 hominem
1437 723 1489 763 ad
1515 723 1716 776 imaginem
1745 729 1778 763 et
1804 722 1857 763 ad
1880 723 1984 763 simi·
2030 729 2051 762 5

481 786 695 828 litudinem
723 794 902 836 nostram,
936 786 1074 828 mundi
1102 785 1294 828 mundum
1329 801 1419 828 eum
1454 787 1710 837 constituens,
1746 801 1793 828 ex
1822 795 1985 841 quatuor

481 851 652 907 quidem
692 851 920 907 corporibus
954 851 1128 893 formans
1158 852 1193 893 ei
1228 865 1383 906 corpus,
1419 866 1553 894 creans
1581 859 1710 893 autem
1751 852 1785 893 ei
1814 852 1984 893 animam

485 930 537 958 ex
568 915 700 958 nihilo
719 923 759 958 et
778 915 929 958 donans
950 917 985 957 ei
1004 917 1294 971 quinquertium
1312 931 1501 958 sensuum
1528 924 1781 972 mentemque
1811 917 1985 970 aurigam

483 981 647 1023 animae
678 980 907 1035 praeficiens
934 981 1123 1023 sensibus.
1181 995 1218 1034 7.
1253 981 1335 1023 Iam
1364 981 1412 1023 ad
1443 982 1537 1023 haec
1575 982 1722 1031 omnia,
1762 981 1986 1022 dominator

490 1045 686 1096 Domine,
714 1046 800 1101 quis
827 1046 1026 1100 condigne
1055 1045 1257 1101 explicabit
1284 1046 1445 1088 nubium
1477 1047 1660 1088 imbribus
1689 1046 1872 1088 feracium
1900 1060 1985 1087 mo·
2011 1054 2050 1085 ιο

488 1119 592 1162 tum,
627 1110 792 1165 fulguris
825 1109 1090 1165 splendorem,
1130 1112 1348 1153 tonitruum
1384 1111 1594 1165 fragorem,
1631 1112 1679 1153 ad
1716 1111 1986 1153 convenientis

455 1205 459 1209 -
493 1175 669 1217 alimenti
689 1175 1044 1231 suppeditationem
1075 1184 1114 1217 et
1141 1175 1188 1217 ad
1209 1177 1307 1217 aeris
1336 1177 1662 1231 temperationem
1694 1176 1863 1217 maxime
1892 1190 1986 1217 con-

498 1241 678 1282 cinnam?
734 1242 771 1282 8.
802 1240 1016 1282 Hominem
1046 1254 1142 1283 vero
1172 1241 1496 1296 inobsequentem
1527 1240 1671 1284 factum
1700 1242 1777 1283 vita
1807 1240 1853 1282 ad
1885 1254 1986 1282 mer-

503 1305 633 1347 cedem
655 1306 857 1359 proposita
877 1306 1046 1360 privasti,
1076 1320 1203 1361 neque
1223 1320 1269 1348 ex
1290 1313 1377 1348 toto
1399 1307 1614 1348 exstinxisti
1640 1306 1761 1356 illum,
1791 1306 1859 1347 sed
1878 1306 1985 1347 brevi

508 1378 679 1425 tempore
712 1377 843 1413 morte
876 1378 1104 1425 soporatum
1140 1371 1388 1413 iureiurando
1422 1371 1469 1413 ad
1497 1372 1707 1413 secundam
1746 1371 1985 1413 nativitatem
2012 1377 2051 1409 15

515 1436 661 1486 vocasti,
680 1434 882 1477 decretum
901 1437 1039 1478 mortis
1058 1436 1220 1486 solvisti,
1249 1437 1312 1491 qui
1334 1445 1514 1478 mortuos
1534 1436 1581 1478 ad
1601 1437 1719 1478 vitam
1741 1435 1892 1478 reducis
1918 1450 1986 1490 per

518 1498 619 1540 Iesum
643 1499 848 1550 Christum,
875 1508 973 1555 spem
1002 1508 1180 1542 nostram.

607 1564 778 1607 XXXV.
808 1565 975 1619 Magnus
1000 1579 1049 1615 es,
1077 1566 1241 1607 Domine
1260 1567 1526 1621 omnipotens,
1550 1574 1583 1607 et
1609 1579 1748 1619 magna
1773 1567 1894 1606 virtus
1920 1573 1985 1606 tua

526 1631 753 1684 &sapientiae
771 1637 859 1671 tuae
878 1644 950 1671 non
970 1638 1021 1671 est
1042 1645 1218 1672 numerus
1223 1645 1240 1681 ;
1268 1639 1431 1681 creator,
1451 1631 1630 1681 salvator,
1654 1630 1763 1671 dives
1782 1631 1820 1671 in
1842 1631 1985 1684 gratiis,

528 1691 733 1747 longanimis
763 1702 802 1736 et
831 1694 1119 1737 misericordiae
1146 1695 1317 1749 largitor,
1353 1697 1418 1751 qui
1448 1703 1706 1738 creaturarum
1741 1702 1895 1737 tuarum
1929 1709 1986 1736 sa·
2009 1700 2054 1731 20

529 1755 620 1800 lutem
648 1773 732 1801 non
753 1758 899 1801 deseris
906 1776 918 1811 ;
948 1767 1082 1802 natura
1102 1761 1207 1802 enim
1228 1760 1355 1802 bonus
1384 1775 1438 1812 es,
1468 1761 1591 1815 parcis
1612 1768 1740 1802 autem
1762 1759 1986 1814 delinquen-

529 1820 615 1873 tibus,
646 1838 718 1866 eos
752 1823 802 1867 ad
836 1825 1114 1878 paenitentiam
1149 1839 1388 1880 provocans;
1426 1827 1647 1868 misericors
1689 1826 1794 1867 enim
1831 1833 1888 1867 est
1922 1832 1987 1866 tua

530 1886 731 1931 admonitio.
774 1889 928 1931 Etenim
951 1889 1157 1944 quomodo
1177 1891 1469 1941 sustineremus,
1488 1891 1520 1932 si
1539 1891 1587 1932 ad
1606 1905 1759 1932 causam
1781 1890 1983 1932 dicendam

531 1953 630 1995 statim
657 1961 938 2008 repeteremur‚
972 1954 1130 2010 quando
1158 1955 1279 2009 longa
1316 1956 1498 2009 patientia
1527 1956 1735 2010 exspectati
1764 1956 1828 1996 vix
1856 1954 1901 1996 ab
1931 1956 1987 1996 in-

529 2013 679 2061 firmitate
705 2019 964 2073 respiramus?
1011 2032 1049 2061 2.
1078 2019 1207 2061 Tuam
1235 2022 1452 2074 potentiam
1478 2021 1803 2062 annuntiaverunt
1830 2019 1923 2061 caeli
1950 2027 1988 2061 et
2010 2024 2051 2055 25

528 2087 602 2123 terra
627 2097 832 2135 concussa,
859 2082 1011 2126 firmata
1029 2098 1075 2126 ac
1103 2098 1289 2139 suspensa
1307 2099 1423 2139 super
1453 2085 1629 2127 nihilum.
1678 2086 1786 2127 Mare
1809 2084 1988 2126 fluctibus

519 2276 604 2320 signat
627 2282 740 2311 auctor
763 2277 852 2317 VIII,
876 2288 904 2321 9,
928 2278 965 2318 8;
992 2287 1040 2319 12,
1063 2278 1116 2318 16;
1140 2279 1210 2313 Me-

516 2330 628 2364 thodius
664 2330 752 2376 apud
783 2331 1000 2375 Epiphanium
1038 2331 1134 2366 Haer.
1168 2332 1212 2374 64

513 2393 533 2417 c.
563 2385 600 2419 18
633 2386 708 2429 (¹9)
743 2386 794 2419 ed.
829 2385 991 2425 Petavius‚
1025 2397 1054 2420 c.
1086 2388 1127 2420 26
1160 2387 1212 2420 ed.

510 2437 633 2474 Oehler.
679 2438 839 2473 Clemens
873 2439 966 2474 Alex.
996 2440 1158 2484 Protrept,
1186 2440 1211 2481 1,

507 2491 525 2531 1,
544 2503 569 2533 1,
586 2503 600 2536 5
625 2505 657 2537 p.
678 2502 713 2536 5;
737 2492 903 2537 Origenes
927 2494 963 2527 In
979 2494 1101 2528 Genes.
1120 2494 1212 2528 hom.

504 2546 524 2586 l,
550 2557 601 2588 ης
624 2547 663 2581 In
685 2547 766 2581 Lev.
789 2547 882 2581 hom.
905 2547 946 2588 V,
970 2557 1007 2590 23
1029 2547 1210 2592 Gregorius

503 2600 576 2635 Νη.
605 2602 698 2636 Orat.
728 2601 832 2636 theol.
863 2601 904 2642 11,
933 2610 989 2642 22;
1028 2602 1211 2646 Gregorius

502 2654 596 2700 Nyss.
608 2656 661 2690 De
671 2656 765 2690 hom.
777 2654 858 2700 opis.
870 2666 899 2689 c.
915 2665 944 2699 5,
960 2656 1101 2690 Ioannes
1113 2656 1210 2691 Dam.

499 2709 547 2743 De
564 2710 628 2744 fide
645 2710 778 2745 orthod.
794 2710 837 2752 11,
857 2719 906 2750 12,
924 2715 956 2744 et
971 2710 1026 2744 alii
1042 2710 1211 2745 hominem

496 2762 625 2808 μικρὸν
634 2762 778 2806 κόσμον
787 2764 1070 2809 appeuant,etiam
1080 2765 1212 2805 ethnici,

497 2828 543 2851 ex.
572 2829 621 2863 gr.
649 2818 811 2852 Firmicus
841 2817 1007 2852 Maternus
1036 2818 1139 2854 Math.
1169 2819 1212 2853 111

496 2882 643 2916 prooem.
654 2892 693 2897 -
699 2869 895 2916 τεσσάρων
900 2872 947 2916 σ.]
955 2872 1093 2914 efivm,
1105 2883 1117 2907 1
1124 2882 1153 2914 2,
1163 2883 1212 2917 ¹7·

1321 2280 1351 2313 8.
1385 2279 1507 2313 Eadem
1537 2279 1617 2320 fere,
1651 2280 1752 2313 modo
1783 2279 1987 2323 amplificata,

1277 2333 1429 2378 leguntur
1438 2334 1523 2375 VIII,
1540 2343 1589 2374 12,
1602 2343 1653 2367 20.
1668 2355 1711 2360 —
1727 2328 1813 2375 ὅρον
1831 2331 1988 2367 θανάτου

1278 2384 1419 2431 ἔλυσας]
1442 2388 1579 2421 Locutio
1603 2388 1745 2421 maxime
1760 2386 1846 2431 apud
1864 2386 1987 2430 Apolli-

1277 2443 1412 2475 naristas
1437 2443 1562 2475 usitata.
1602 2442 1654 2475 cf.
1673 2441 1865 2484 Apollinarii
1889 2438 1988 2474 Κατὰ

1276 2496 1386 2539 μέρος
1418 2498 1535 2535 πίστις
1575 2495 1635 2529 sub
1668 2496 1802 2529 nomine
1837 2494 1989 2537 Gregorii

1277 2549 1418 2584 Thaum.
1441 2550 1565 2583 tradita.

1320 2657 1457 2690 XXXV.
1466 2653 1653 2701 Προσευχὴ
1665 2654 1753 2698 μετὰ
1766 2653 1990 2700 εὐχαριστίας

1279 2709 1542 2754 ἐξαγγέλλουσα
1566 2714 1631 2745 τοῦ
1648 2713 1739 2745 θεοῦ
1761 2708 1826 2753 τὴν
1845 2711 1928 2753 περὶ
1948 2707 1989 2743 τὰ

1279 2761 1363 2799 ὄντα
1377 2766 1595 2808 κηδεμονίαν
1603 2765 1832 2808 (οἰκονομίαν
1843 2766 1889 2807 v).
1905 2764 1989 2797 Ora-

1279 2820 1327 2853 tio
1350 2830 1424 2852 cum
1448 2820 1624 2863 gratiarum
1648 2819 1778 2853 actione
1800 2819 1988 2863 praedicans

1279 2874 1342 2907 Dei
1365 2883 1444 2917 erga
1468 2879 1630 2907 creaturas
1653 2873 1914 2907 sollicitudinem.
