2457 3436
464 310 521 350 IV
1069 322 1353 352 raoni-:eonem

464 417 671 468 videretur,
701 417 906 459 clausulam
938 417 1176 460 Didascaliae
1206 419 1267 460 vel
1296 419 1426 472 potius
1454 419 1770 461 Constitutiones
1800 427 1968 473 aposto-

464 482 591 524 lorum
629 483 696 533 VI,
730 496 791 535 30,
829 497 923 538 quas
957 483 1058 525 solas
1088 485 1268 538 respexit,
1307 483 1354 524 ad
1399 484 1621 538 symbolum
1662 483 1794 525 referri
1829 499 1968 538 posse,

465 547 572 603 quod
601 549 639 588 in
669 547 766 588 libro
797 548 883 598 VII,
904 561 952 601 41
986 548 1150 601 legimus
1179 547 1364 602 quodque
1387 549 1549 590 Luciani
1579 549 1757 604 martyris
1787 549 1835 603 (†
1859 550 1962 603 312)

466 626 551 653 esse
580 619 699 666 putat,
729 613 956 666 scripturam
987 612 1075 653 huic
1104 613 1310 654 attribuere
1340 627 1453 654 ausus
1488 621 1557 654 est.
1607 616 1658 655 At
1687 621 1729 656 ut
1760 614 1807 656 de
1828 614 1963 656 multis

465 676 546 718 aliis
574 684 737 727 taceam,
767 691 848 718 non
878 677 1160 727 animadvertit,
1191 677 1397 719 clausulam
1425 678 1480 733 (c.
1505 678 1576 733 30)
1612 679 1694 720 libri
1724 680 1822 721 sexti
1852 679 1963 721 Con-

465 742 712 784 stitutionum
753 743 915 784 minime
951 750 1077 785 totam
1114 744 1282 784 auctoris
1325 743 1577 794 Didascaliae,
1624 743 1692 785 sed
1734 758 1874 798 magna
1912 760 1963 785 ex

467 814 573 862 parte
608 807 893 861 interpolatoris
929 821 1026 849 esse.
1083 808 1295 863 Holzhey
1325 808 1583 850 Didascaliam
1622 809 1802 863 paulatim
1840 824 1862 851 e
1891 810 1962 850 Di-

467 871 588 913 dache
614 871 783 926 pluribus
804 873 895 914 viris
916 873 1018 913 hunc
1038 871 1206 913 libellum
1227 872 1592 915 transformantibus
1614 881 1790 915 exortam
1803 877 1815 900 ¹
1844 882 1965 929 atque

465 945 544 979 tres
572 945 750 979 auctores
780 937 1059 981 discernendos
1089 952 1173 979 esse
1203 939 1386 979 censuit.²
1441 938 1702 980 Didascaliam
1733 939 1835 980 enim
1868 953 1963 981 cum

467 1003 663 1056 scripturis
693 1003 875 1057 Dionysii
907 1002 1157 1044 Alexandrini
1188 1017 1418 1057 comparans
1449 1004 1623 1046 invenire
1653 1004 1723 1045 sibi
1752 1005 1856 1046 visus
1887 1014 1963 1055 est,

467 1066 571 1108 hunc
600 1075 750 1123 patrem
780 1068 856 1108 iam
885 1068 1024 1109 librum
1056 1068 1209 1121 legisse,
1245 1076 1328 1109 tum
1366 1069 1493 1122 ipsum
1523 1076 1587 1110 aut
1617 1083 1737 1110 unum
1770 1084 1815 1110 ex
1845 1069 1961 1111 disci-

467 1132 565 1186 pulis
581 1133 660 1173 suis
677 1146 765 1173 eum
782 1131 1092 1183 transformasse,
1111 1132 1217 1174 brevi
1234 1141 1321 1185 post
1337 1133 1766 1175 Iudaeo-Christianum
1788 1133 1962 1189 denique

467 1196 604 1238 librum
636 1198 674 1238 in
705 1211 790 1238 eam
821 1196 987 1238 formam
1017 1197 1228 1250 redegisse,
1264 1199 1302 1238 in
1333 1212 1408 1252 qua
1436 1197 1554 1239 latine
1583 1206 1622 1239 et
1648 1199 1795 1253 syriace
1825 1213 1963 1241 versus

467 1261 514 1302 ad
535 1276 608 1303 nos
629 1263 818 1316 pervenit.
866 1262 1054 1317 Equidem
1078 1277 1158 1303 non
1179 1262 1309 1312 video,
1331 1263 1568 1317 Dionysium
1589 1263 1728 1305 librum
1752 1265 1959 1317 cognitum

469 1326 646 1367 habuisse
655 1343 666 1377 ;
698 1341 824 1381 neque
854 1328 892 1368 111
924 1327 1021 1368 libro
1043 1327 1142 1368 duos
1163 1327 1224 1369 vel
1242 1334 1321 1369 tres
1341 1335 1520 1369 auctores
1541 1328 1761 1370 discernere
1782 1343 1963 1383 possum.

468 1391 663 1445 Scriptura
692 1393 822 1445 potius
852 1393 918 1433 uni
947 1393 1095 1433 auctori
1126 1391 1375 1433 adiudicanda
1407 1401 1477 1442 est,
1514 1407 1641 1448 neque
1672 1407 1756 1447 pars
1787 1402 1963 1436 extrema

467 1455 529 1497 vel
564 1463 678 1511 caput
712 1458 903 1498 versionis
939 1458 1108 1511 syriacae
1145 1458 1323 1498 ultimum
1362 1454 1630 1511 excipiendum
1672 1472 1755 1500 esse
1794 1459 1965 1509 videtur,

467 1521 573 1575 quod
593 1521 740 1572 Nau,³
769 1536 857 1563 cum
888 1536 974 1576 pars
1003 1523 1109 1575 prior
1130 1522 1293 1563 clausula
1313 1524 1544 1564 terminetur
1567 1531 1604 1564 et
1624 1523 1729 1577 plura
1750 1524 1826 1564 iam
1847 1532 1965 1565 antea

470 1587 642 1640 exposita
681 1593 917 1641 repetantur,
956 1601 977 1628 a
1011 1588 1229 1642 posteriore
1269 1587 1443 1629 additum
1484 1602 1567 1629 esse
1605 1589 1798 1643 opinatur.
1856 1588 1962 1630 Nam

469 1650 634 1693 clausula
663 1652 723 1692 illa
753 1666 834 1693 non
865 1667 909 1694 ea
938 1660 1009 1702 est,
1048 1666 1144 1707 quae
1181 1661 1330 1706 partem
1368 1661 1598 1707 sequentem
1636 1653 1829 1703 excludat3
1864 1653 1965 1695 liber

469 1730 550 1757 non
581 1716 630 1757 ita
661 1718 904 1771 compositus
935 1725 1004 1768 est,
1035 1725 1075 1758 ut
1105 1717 1152 1758 de
1182 1718 1321 1758 ordine
1352 1719 1632 1759 sententiarum
1664 1719 1834 1760 severius
1864 1719 1963 1760 iudi-

469 1795 621 1831 cemus;
652 1780 818 1835 denique
847 1789 995 1835 partem
1026 1782 1125 1823 illam
1149 1790 1362 1824 extremam
1384 1797 1466 1823 non
1488 1783 1616 1824 solum
1640 1782 1737 1824 duae
1757 1785 1965 1825 versiones

467 1853 631 1896 veteres,
661 1847 807 1900 syriaca
837 1854 875 1888 et
903 1846 1016 1888 latina
1047 1846 1200 1897 habent,
1229 1847 1297 1888 sed
1328 1848 1442 1888 etiam
1465 1848 1782 1889 Constitutiones
1802 1857 1965 1903 aposto—

468 1910 596 1952 lorum
625 1918 825 1952 testantur.
874 1912 1073 1953 Kohler⁴
1104 1913 1325 1966 nuperrime
1345 1913 1572 1966 scripturam
1597 1912 1783 1954 iudaicam
1807 1913 1961 1955 fontem

469 1975 644 2017 similiter
692 1976 929 2018 Didascaliae
977 1991 1061 2018 esse
1108 1978 1254 2030 putavit
1301 1992 1345 2018 ac
1393 1978 1598 2028 Didaches,
1654 1979 1817 2019 minime
1864 1992 1965 2019 vero

468 2040 657 2094 probavit.

576 2106 814 2147 Harnack⁵
833 2106 1075 2148 Novatianos
1105 2108 1142 2148 in
1170 2107 1268 2148 libro
1301 2109 1520 2162 impugnari
1542 2121 1705 2149 censens
1725 2108 1829 2149 hunc
1848 2110 1963 2149 annis

472 2172 684 2223 260—302
705 2171 885 2212 attribuit.
935 2172 1057 2212 Μ11116
1075 2186 1130 2222 ea,
1160 2186 1258 2227 quae
1288 2172 1336 2214 de
1356 2173 1566 2214 hierarchia
1599 2180 1637 2214 et
1667 2173 1715 2214 de
1740 2173 1963 2214 haeresibus

469 2243 730 2289 exponuntur,
766 2235 860 2276 olim
891 2244 1038 2290 partem
1068 2235 1207 2277 saeculi
1237 2237 1289 2277 111
1318 2238 1489 2290 priorem
1521 2237 1689 2291 prodere
1719 2237 1961 2279 videbantur.

579 2359 587 2376 ¹
613 2354 678 2386 Die
707 2355 937 2398 Abbringt'gkeit
965 2356 1021 2387 der
1050 2355 1202 2398 syrischeu
1233 2356 1423 2388 DIdaskaHa
1455 2367 1518 2388 von
1549 2357 1605 2388 dcr
1638 2356 1796 2389 Didache:
1833 2356 1963 2401 Comple-

470 2408 568 2440 re’mlu
597 2408 638 2441 du
669 2409 840 2452 quatriffime
871 2409 1010 2452 Congn’s
1037 2409 1224 2453 scientifiquc
1252 2411 1480 2442 interuallonul
1510 2411 1561 2443 des
1596 2410 1793 2454 Catholiques
1828 2412 1908 2454 1898
1938 2412 1963 2451 Ι,

469 2470 627 2506 2⁴9-77·

578 2520 592 2539 ²
620 2516 1009 2561 neologisch-praktische
1034 2517 1253 2561 Monatschrist
1280 2527 1355 2561 1901
1386 2528 1415 2561 p.
1445 2527 1599 2559 515-23.

579 2574 592 2591 ’³
614 2569 662 2603 La
686 2570 873 2603 Didascalie
898 2580 980 2615 1902
1004 2582 1034 2615 p.
1060 2570 1131 2605 166.

578 2629 590 2646 ⁴
621 2623 682 2657 The
701 2624 815 2667 Jewish
838 2624 1063 2669 Encyclopedia
1086 2626 1130 2659 1v
1153 2627 1281 2670 (1903),
1308 2626 1464 2670 587—94.

578 2682 592 2701 ⁶
614 2678 678 2711 Die
700 2678 798 2711 Lehre
820 2680 877 2711 der
899 2680 998 2722 zwfilf
1015 2680 1140 2724 Apostel
1163 2681 1243 2713 nebst
1272 2680 1542 2723 Untersuchungen
1569 2692 1625 2723 zur
1648 2682 1766 2712 ‹iltercn
1787 2680 1965 2713 Geschichtc

468 2732 525 2765 der
559 2732 882 2777 Kirchenversassung
916 2734 981 2766 und
1014 2735 1065 2767 des
1100 2735 1334 2767 Kirchenrechts
1361 2733 1476 2777 (Texte.
1508 2735 1572 2767 und
1605 2735 1876 2778 Untcrsuchungen
1907 2745 1967 2777 <ur

473 2785 648 2819 Geschichec
669 2786 726 2818 der
748 2787 988 2820 altchristlichen
1014 2788 1176 2821 Literatur
1198 2788 1237 2829 11,
1265 2788 1362 2830 1—2)
1389 2789 1471 2829 1884
1496 2799 1525 2832 p.
1551 2797 1611 2828 242
1637 2799 1668 2821 n.
1696 2798 1722 2830 3.

581 2845 594 2862 ‘²
619 2840 681 2873 Dt'e
704 2841 933 2884 Apostolischen
958 2842 1209 2876 Konslitutlonm
1237 2844 1313 2887 1891
1341 2853 1371 2886 p.
1398 2851 1534 2885 50—54.
