2457 3436
1115 370 1343 401 summotus.
1896 362 1971 399 179

472 465 772 519 cognitionem;
807 477 845 507 2.
881 473 920 508 et
952 466 1146 521 sapientes
1181 480 1257 508 nos
1291 466 1424 518 redde,
1459 467 1568 509 Dens
1602 467 1971 517 misericordiarum,

472 530 734 584 perceptione
768 531 947 585 corporis
981 538 1020 573 et
1053 532 1266 585 sanguinis,
1300 532 1488 587 quoniam
1525 546 1593 587 per
1627 532 1874 586 unigenitum
1903 532 1972 572 tibi

474 594 603 648 gloria
632 602 671 637 et
699 595 907 651 imperium
938 597 978 637 in
1007 604 1144 638 sancto
1172 597 1307 651 spiritu
1336 604 1376 639 et
1395 611 1501 639 nunc
1530 603 1570 639 et
1597 598 1636 638 in
1658 598 1793 638 omnia
1820 597 1971 639 saecula

476 660 739 711 saeculorum,
767 675 896 703 amen.

1122 759 1201 800 XV
1253 771 1295 800 111
1323 792 1332 801 .

521 835 626 876 Post
654 835 924 877 tractionem
953 836 1130 877 clericis
1159 758 1450 878 disiriliutam
1478 836 1731 878 benedictio
1759 836 1926 886 populi.
2016 850 2036 882 5

593 923 626 951 1.
662 909 843 951 Extende
879 924 1038 951 manum
1072 924 1190 965 super
1217 910 1320 952 hunc
1350 910 1540 965 populum
1571 918 1609 953 et
1638 925 1726 961 oro,
1761 917 1803 951 ut
1837 917 1970 952 exten-

477 974 590 1016 datur
626 988 765 1016 manus
802 975 973 1017 veritatis
1015 982 1053 1017 et
1091 975 1203 1017 detur
1236 975 1458 1017 benedictio
1500 975 1588 1017 huic
1624 975 1773 1030 populo
1811 983 1971 1030 propter

477 1040 759 1082 humanitatem
788 1047 908 1090 tuam,
938 1040 1046 1082 Deus
1074 1040 1440 1091 misericordiarum,
1471 1048 1510 1082 et
1530 1041 1714 1096 mysteria
1733 1041 1968 1094 praesentia:

477 1116 515 1146 2.
545 1119 685 1147 manus
714 1104 941 1159 prudentiae
969 1112 1008 1147 et
1036 1106 1187 1147 virtutis
1217 1113 1256 1147 et
1285 1106 1469 1148 castitatis
1498 1113 1538 1147 et
1566 1106 1741 1160 puritatis
1771 1112 1810 1146 et
1839 1106 1969 1146 omnis

477 1170 692 1211 sanctitatis
720 1169 923 1212 benedicat
953 1170 1055 1212 hunc
1084 1169 1274 1225 populum
1302 1184 1348 1212 ac
1379 1177 1586 1212 conservet
1615 1171 1654 1211 in
1679 1169 1900 1224 profectum
1930 1177 1969 1211 et
1996 1181 2036 1212 io

477 1234 798 1277 emendationem
833 1249 903 1289 per
936 1235 1182 1289 unigenitum
1219 1242 1330 1277 tuum
1360 1235 1490 1277 Iesum
1521 1235 1722 1277 Christum
1757 1235 1797 1276 in
1834 1242 1969 1276 sancto

476 1299 614 1354 spiritu
644 1307 682 1342 et
711 1314 816 1342 nunc
845 1306 884 1342 et
912 1300 952 1341 in
981 1300 1116 1341 omnia
1144 1300 1295 1342 saecula
1323 1300 1583 1350 saeculorum,
1612 1314 1740 1342 amen.

1113 1462 1211 1503 XVI
1261 1475 1299 1503 iv
1323 1494 1333 1503 .

790 1540 895 1580 Post
922 1461 1280 1581 communioneiii
1300 1461 1461 1590 {innuli
1489 1540 1652 1580 oratio.

590 1626 623 1654 1.
660 1612 811 1655 Gratias
840 1613 909 1655 tibi
936 1614 1101 1667 agimus,
1131 1614 1318 1664 Domine,
1348 1613 1455 1668 quod
1484 1614 1633 1655 vocasti
1664 1627 1746 1664 eos,
1782 1614 1846 1668 qui
1875 1612 1969 1668 lapsi

479 1686 600 1729 erant,
630 1685 669 1720 et
692 1678 892 1733 adquisisti
912 1692 995 1729 eos,
1024 1680 1089 1733 qui
1109 1686 1375 1733 peccaverant,
1407 1686 1445 1720 et
1465 1678 1680 1733 deposuisti
1701 1679 1840 1728 minas,
1870 1692 1968 1733 quae
1994 1688 2035 1720 16

477 1742 633 1785 fuerunt
672 1743 855 1785 adversus
895 1757 983 1794 nos,
1023 1744 1263 1786 humanitate
1301 1751 1366 1786 tua
1403 1745 1614 1798 ignoscens
1654 1751 1692 1785 et
1732 1744 1968 1798 paenitentia

477 1808 612 1850 delens
648 1816 686 1850 et
720 1809 950 1862 cognitione
992 1808 1040 1850 ad
1075 1817 1115 1850 te
1157 1809 1346 1851 attinente
1385 1808 1569 1851 deiciens.
1628 1821 1665 1850 2.
1706 1809 1858 1850 Gratias
1900 1808 1969 1850 tibi

476 1874 642 1927 agimus,
684 1873 790 1929 quod
827 1873 966 1916 dedisti
1009 1874 1122 1916 nobis
1159 1875 1450 1915 communionem
1490 1875 1651 1929 corporis
1689 1883 1721 1914 et
1760 1875 1968 1926 sanguinis.

479 1951 515 1991 3.
549 1938 720 1980 Benedic
754 1952 843 1990 ηοε,
876 1938 1041 1980 benedic
1075 1939 1180 1981 hunc
1207 1939 1413 1993 populum,
1449 1938 1508 1980 fac
1537 1953 1611 1981 nos
1639 1946 1788 1993 partem
1828 1937 1969 1979 habere

477 2017 568 2044 cum
597 2017 764 2058 corpore
794 2011 833 2045 et
859 2004 1049 2057 sanguine
1078 2017 1147 2058 per
1175 2005 1422 2057 unigenitum
1452 2011 1561 2045 tuum
1592 2003 1728 2053 filium,
1759 2017 1828 2057 per
1848 2017 1967 2058 quem
1991 2011 2036 2043 20

476 2067 545 2109 tibi
572 2068 696 2121 gloria
730 2076 769 2110 et
797 2069 1007 2122 imperium
1042 2069 1081 2109 in
1110 2076 1247 2110 sancto
1281 2069 1416 2123 spiritu
1453 2076 1491 2110 et
1525 2082 1629 2110 nunc
1666 2076 1704 2110 et
1739 2082 1895 2123 semper
1932 2074 1970 2108 et

477 2135 516 2174 in
546 2134 680 2174 omnia
707 2133 858 2175 saecula
886 2132 1145 2184 saeculorum,
1173 2148 1302 2176 amen.

1106 2230 1223 2272 XVII
1251 2230 1332 2286 (v).

799 2308 953 2350 Oratio
981 2318 1065 2358 pro
1091 2309 1202 2350 oleis
1230 2311 1278 2350 et
1306 2309 1435 2359 aquis
1462 2309 1643 2350 oblatis.

590 2396 623 2424 1.
658 2382 934 2424 Benedicimus
974 2397 1044 2437 per
1083 2397 1232 2425 nomen
1271 2383 1463 2437 unigeniti
1500 2383 1557 2424 tui
1593 2382 1681 2424 Iesu
1716 2381 1862 2423 Christi
1901 2381 1968 2422 has

476 2454 680 2498 creaturas,
715 2461 866 2489 nomen
895 2448 1148 2489 nominamus
1178 2448 1272 2498 eius,
1307 2448 1373 2502 qui
1401 2461 1537 2501 passus
1568 2454 1638 2498 est,
1675 2445 1879 2488 crucifixus
1910 2453 1969 2487 est
1992 2454 2034 2485 25

476 2563 508 2590 et
538 2557 653 2589 eadem
688 2557 838 2590 oratione
872 2562 1090 2601 praeparetur.
1137 2556 1188 2591 Cf.
1299 2556 1386 2591 XVI.
1410 2556 1461 2589 Ad
1485 2556 1569 2589 hanc
1590 2556 1775 2589 orationem
1792 2554 1899 2588 oratio
1916 2553 1970 2587 Li-

476 2610 606 2643 Constit
624 2621 675 2654 ap.
695 2610 780 2651 vin,
794 2620 844 2654 13,
859 2621 871 2644 1
881 2621 996 2654 1—15.
1030 2612 1076 2645 At
1091 2612 1190 2644 verba
1255 2611 1381 2655 turgiae
1388 2610 1499 2651 Marci,
1508 2609 1761 2654 Brightmanl.c.
1770 2621 1800 2653 p.
1812 2610 1970 2649 141,satis

474 2664 538 2705 illa,
568 2670 603 2698 ut
633 2664 826 2709 Brightman
854 2665 1014 2709 exposuit,
1049 2664 1189 2699 fortasse
1256 2675 1359 2709 prope
1371 2664 1505 2698 accedit.
1536 2663 1588 2698 Cf.
1602 2664 1741 2697 Constit.
1755 2674 1805 2707 ap.
1819 2663 1903 2703 vm,
1920 2672 1969 2703 14.

474 2728 543 2752 uon
565 2718 751 2752 necessarie
780 2719 821 2752 de
850 2720 1084 2753 communione
1112 2719 1190 2753 cleri
1299 2718 1402 2753 XVII.
1425 2718 1581 2752 Similiter
1602 2717 1854 2752 Testamentum
1877 2717 1919 2750 D.
1936 2728 1968 2750 n.

474 2772 696 2816 intellegenda
718 2779 803 2815 sunt,
833 2773 892 2807 sed
915 2774 1068 2815 indicant,
1092 2774 1190 2817 parti-
1254 2773 1280 2814 I,
1304 2782 1345 2813 24
1374 2773 1415 2807 de
1438 2773 1687 2806 consecratione
1716 2772 1782 2805 olei
1803 2771 1869 2805 hoc
1891 2771 1968 2804 loco

475 2826 563 2859 cuias
587 2826 712 2860 clericis
735 2827 903 2860 ditributas
932 2827 1043 2869 fuisse,
1074 2827 1188 2871 quibus
1255 2827 1306 2861 vel
1320 2825 1845 2871 postCommunionemloquitur.
1862 2825 1969 2858 Etiam

474 2880 507 2912 hi
530 2880 688 2924 populum
712 2881 967 2915 communicent.
1256 2881 1517 2916 Constitutiones
1536 2880 1615 2914 eccl.
1634 2889 1707 2924 aeg.
1721 2880 1775 2919 111,
1790 2888 1914 2922 22—-23
1936 2885 1967 2911 et

1777 2935 1837 2968 12⁴*
