2457 3436
547 366 858 397 oonsnwrionsss
886 366 1149 397 ΑΡοετοιοιιυκ
1180 368 1212 403 v,
1243 370 1294 405 12,
1317 369 1434 405 6-13,
1457 369 1487 400 3.
1685 359 1762 397 269

452 478 543 522 Q
567 463 670 516 μήτε
686 463 770 516 μὴν
789 461 971 515 ου’ρανὸν
996 461 1022 516 ἢ
1050 467 1126 514 γῆν
1153 461 1178 516 ἢ
1206 478 1246 505 τι
1274 468 1361 505 ταῖν
1381 466 1593 516 στοιχείων
1613 463 1764 516 μικρὸν

477 530 518 569 6.
545 529 582 569 εἰ
606 527 685 580 γὰρ
709 525 734 569 ὁ
753 527 995 576 διδάσκαλος
1013 530 1104 587 {eol
1121 533 1201 569 τοῦ
1226 526 1349 575 ὄντος
1367 532 1474 569 θεοῦ
1497 527 1655 587 xaom'
1656 533 1763 570 ειλεν

452 592 475 645 ὴ
498 589 707 644 ὀμνύειν“,
735 591 851 640 ὅπως
879 589 903 634 ὁ
924 592 1048 645 λόγος
1073 591 1193 644 ἡμῶν
1207 593 1449 644 πιστότερος
1478 609 1503 645 ῃ
1519 598 1598 635 τοῦ
1623 591 1766 653 ὅρκοῇ

452 657 513 708 ιὴν
539 658 617 699 τὸν
643 657 827 708 οὐρανὸν
860 656 1032 706 αὐτόν’,
1085 655 1300 711 ἓλληνικὸν
1337 657 1414 709 γὰρ
1447 657 1498 700 τὸ
1526 660 1763 717 δυσσέβημα,

452 723 521 773 τὴν
541 721 802 774 Ἰερουσαλὴμ
835 720 861 773 ἢ
889 723 942 764 τὰ
969 726 1046 764 τσῦ
1079 728 1184 764 θεοῦ
1212 719 1305 775 ἅγια
1331 720 1357 775 ἢ
1384 723 1434 764 τὸ
1471 723 1764 774 θυσιαστήριον

452 791 578 837 δῶρον
603 786 631 840 ἢ
649 787 726 839 τὴν
753 791 831 829 τοῦ
856 791 963 830 ναοῦ
977 787 1185 840 χρύσωσιν
1210 785 1237 841 ἢ
1262 788 1340 839 τὴν
1368 789 1524 829 οἰκείαν
1542 788 1764 839 κεφαλήν“,

452 857 481 900 ῦς
500 852 576 905 γὰρ
593 857 868 904 παραφθορᾶς
887 849 912 905 ἡ
931 852 1142 905 συνήθεια,
1168 852 1232 894 διὸ
1253 855 1321 894 καὶ
1341 852 1633 905 α’παγορευτέα,
1662 852 1763 895 εἶναι

452 919 519 958 ναὶ
545 919 640 958 ναὶ“
668 919 738 959 καὶ
756 917 807 959 τὸ
837 915 916 967 ,,οὒ
944 915 1020 959 οῧ“
1050 926 1136 965 τοῖς
1153 926 1313 966 ,πιστοῖς
1340 924 1559 970 παρεγγυᾶ,
1589 922 1656 959 καὶ
1686 918 1763 968 ,,τὸ

465 983 664 1033 περισσὸν
690 987 767 1024 τοῦ
798 988 989 1034 πονηροῦ
1015 981 1146 1024 εἰναι“
1175 985 1293 1034 λέγει·
1327 983 1446 1035 ,πόσῳ
1477 987 1635 1036 μᾶλλον
1666 973 1767 1025 ὖκῖ

477 1046 531 1088 τὰ
557 1048 807 1099 φευδαίνυμα
827 1045 887 1095 ὡς
916 1046 1038 1098 ὅρκια
1063 1048 1338 1100 ἐπομνύμενοι
1357 1050 1424 1088 καὶ
1451 1049 1504 1090 τὰ
1521 1039 1766 1101 νομιζόμενα

452 1127 484 1153 vv
511 1110 537 1153 ἀ
590 1116 685 1153 θῶν
714 1112 973 1164 δοξάζοντεςς
1012 1110 1084 1161 οὓς
1113 1109 1136 1153 ὁ
1165 1112 1264 1160 θεὸς
1292 1112 1358 1153 διὰ
1388 1115 1619 1167 μοχθηρίαν
1645 1115 1766 1164 παρέ-

455 1178 494 1224 lg
526 1176 737 1226 ἀβουλίαν,
772 1180 947 1230 ἐνεργεῖν
980 1177 1032 1218 τὰ
1069 1178 1123 1231 μὴ
1153 1179 1314 1219 δέοντα.

452 1242 491 1283 [Ι.
515 1242 593 1290 Τὰς
611 1240 759 1294 ἡμέρας
777 1246 866 1284 τῶν
883 1241 1042 1293 ἑορτῶν
1055 1241 1294 1293 φυλάσσετε,
1310 1239 1490 1295 ἀδελφοί,
1512 1245 1581 1284 καὶ
1594 1242 1768 1296 πρώτην

463 1309 693 1358 γενέθλιον,
729 1304 816 1359 ἥτις
849 1306 945 1360 ὑμῖν
979 1308 1247 1349 ἐπιτελεῖσθαι
1287 1309 1449 1360 εἰκοστῇ
1483 1309 1645 1359 πέμπτῃ
1687 1314 1768 1366 tog*

454 1373 599 1424 μηνός.
662 1385 699 1413 2.
732 1372 828 1425 μεθ’
859 1369 910 1425 ἣν
948 1372 974 1425 ἡ
1003 1372 1218 1424 ἐπιφάνιος
1258 1370 1354 1424 ὑμῖν
1389 1373 1496 1414 ἔστω
1525 1373 1766 1427 τιμιωτάτη,

482 1435 506 1478 ὁ
526 1436 669 1489 κύριος
687 1434 892 1489 ἀνάδειξιν
919 1437 1013 1490 ὑμῖν
1031 1441 1104 1489 τῆς
1133 1439 1282 1485 οἰκείας
1302 1437 1504 1491 θεότητος
1529 1439 1766 1497 ἐποιήσατο·

453 1524 455 1532 >
483 1503 527 1544 δὲ
556 1505 624 1544 καὶ
653 1503 757 1556 αὕτη
785 1502 880 1555 ἕκτῃ
908 1506 984 1544 τοῦ
1011 1502 1185 1545 δεκάτου
1211 1502 1349 1557 μηνός.
1409 1516 1444 1556 3.
1473 1501 1570 1561 μεθ’
1597 1500 1644 1550 ἃς
1672 1501 1768 1555 ὑμῖν

452 1610 484 1643 [t.
505 1620 534 1651 ς,
554 1610 690 1653 34—36.
716 1631 756 1637 -
779 1614 800 1646 5
822 1611 880 1644 Mt.
899 1620 950 1653 23,
973 1610 1010 1645 16
1023 1619 1107 1644 —22.
1133 1618 1169 1634 '—
1194 1614 1215 1645 8
1233 1611 1291 1644 Mt.
1313 1620 1341 1653 5,
1360 1620 1408 1653 37.
1434 1630 1471 1634 —
1500 1615 1537 1644 11
1555 1611 1652 1645 Rom.
1672 1621 1699 1650 x,
1716 1612 1767 1645 28.

456 1694 499 1739 ἦν
520 1701 567 1736 >
591 1697 624 1736 h,
650 1701 687 1737 -f-
712 1694 776 1731 τὸν
796 1708 814 1730 a
843 1698 849 1740 Ι
874 1700 895 1731 2
916 1697 1010 1739 μέγα
1036 1701 1072 1738 4-
1098 1694 1245 1739 ὀμνύειν
1267 1697 1289 1730 h
1308 1700 1314 1732 i
1334 1693 1438 1736 ὄντος
1460 1708 1468 1730 ;
1492 1693 1605 1736 ὄντως
1627 1697 1648 1730 d
1671 1708 1701 1736 v,
1724 1702 1768 1737 >

452 1754 535 1792 μῶν
556 1751 577 1783 b
598 1753 602 1789 ἰ
622 1754 643 1786 5
666 1754 750 1793 ιλῆμ
775 1763 783 1783 :
805 1757 840 1784 α’
861 1752 881 1784 ἱ.
906 1762 960 1791 m.,
984 1754 1040 1794 ιῆλ
1064 1754 1153 1791 216
1176 1752 1239 1785 καί
1261 1763 1269 1783 :
1293 1748 1314 1794 ἢ
1339 1751 1359 1783 b
1381 1761 1403 1783 o
1429 1753 1432 1789 !
1459 1754 1478 1785 7
1501 1754 1714 1794 παραφορᾶς
1736 1762 1769 1784 m

453 1802 631 1847 νγόρευται
655 1815 674 1837 a
696 1806 700 1842 Ι
720 1808 741 1838 8
764 1805 802 1839 δὲ
821 1809 858 1845 -Ι-
878 1806 937 1839 καὶ
960 1806 983 1838 h
1004 1808 1007 1846 Ι
1027 1807 1251 1848 παραγγελία
1275 1806 1294 1838 b
1317 1816 1339 1838 o
1359 1808 1364 1846 Ι
1384 1803 1425 1838 τὸ
1447 1809 1490 1846 2²,
1514 1809 1557 1844 >
1580 1816 1599 1838 a
1619 1809 1623 1843 l
1647 1809 1687 1840 10
1709 1805 1770 1840 ἐπ-

452 1872 459 1892 t
489 1869 519 1898 a,
555 1868 630 1891 corr
659 1863 694 1891 aff
724 1861 731 1900 1
762 1862 798 1893 11
825 1857 1010 1901 α’ληθινῶν
1038 1860 1058 1892 b
1081 1860 1102 1891 d
1133 1861 1136 1898 1
1169 1855 1231 1898 οὓς
1253 1863 1289 1898 -†-
1316 1861 1376 1892 καὶ
1406 1860 1426 1891 b
1450 1869 1471 1891 o
1500 1861 1504 1894 Ι
1537 1863 1634 1899 11112
1656 1872 1770 1900 παρα-

455 1913 479 1946 h
499 1915 505 1953 Ι
529 1916 569 1946 13
593 1912 656 1950 τὰς
670 1915 746 1946 κτλ.
763 1924 770 1945 z
786 1913 948 1956 inscripsit
962 1915 1044 1954 περὶ
1061 1916 1122 1955 τῆς
1141 1912 1264 1956 ὲορτης
1279 1924 1428 1955 αργειας
1451 1923 1472 1946 o
1493 1916 1496 1954 Ι
1517 1911 1769 1955 φυλάσσεσθαι

452 1971 486 2000 14
510 1969 659 2007 πρῶτον
681 1966 720 2000 δὲ
739 1964 780 1999 τὸ
800 1978 873 2009 γεν.
897 1967 916 1999 b
940 1977 961 1999 o
981 1968 986 2006 Ι
1010 1972 1048 2001 14
1071 1963 1173 2008 ὑμῶν
1195 1978 1212 2000 a
1234 1971 1237 2007 Ι
1259 1966 1497 2001 ἐπιτελείσθω
1516 1971 1552 2007 -†-
1571 1970 1613 2009 τῆ
1631 1978 1664 2000 m
1681 1979 1699 2011 p
1718 1980 1738 2000 v
1764 1974 1767 2010 j

452 2032 481 2054 τ.
507 2020 529 2053 b
553 2021 573 2053 h
597 2030 620 2053 o
644 2032 653 2053 :
678 2018 945 2064 εἰκάδιπ.ῐιιρ,
969 2016 1010 2055 ἷξε
1035 2032 1053 2054 a
1077 2021 1226 2063 dv115
1250 2018 1398 2055 ἔννατον
1421 2022 1485 2054 bo
1509 2017 1769 2065 ρ1ἧ>ὶ>οΙ

452 2070 1770 2118 ιὴΙΙὸὑμῖν·;ἧμῖν1->ον,>ηιρ1Παύτὴαὴίιῖςειδὴοε

452 2124 1048 2172 ινΙὺμῖνεῆμῖνο,>ῐηρν

453 2250 454 2253 ¹
469 2226 584 2260 Canae
608 2232 770 2270 patratum
786 2232 862 2260 ante
879 2227 994 2260 oculos
1062 2227 1114 2261 vel
1124 2227 1270 2260 Ianuarii.
1291 2227 1392 2260 Modo
1405 2227 1588 2260 Basilidiani
1603 2233 1686 2261 teste
1695 2229 1771 2262 Cle-

455 2280 593 2314 videtur.
631 2279 720 2313 Infra
742 2280 827 2320 V111,
845 2290 895 2324 33,
912 2290 931 2324 7
955 2281 996 2314 de
1063 2287 1172 2315 mente
1185 2281 1206 2315 1.
1219 2292 1247 2315 e.
1260 2281 1293 2314 id
1304 2281 1356 2314 die
1365 2281 1427 2313 XV
1440 2282 1563 2315 mensis
1577 2282 1662 2326 Tybi
1677 2283 1728 2315 vel
1742 2283 1773 2315 X

479 2334 514 2366 in
544 2334 712 2377 baptismo
740 2334 873 2368 Domini
906 2341 997 2377 pate-
1062 2336 1198 2368 Ianuarii
1217 2335 1433 2368 celebrabant.
1464 2336 1662 2378 Epiphanius
1680 2336 1718 2369 H.
1735 2345 1769 2378 5¹

452 2388 546 2421 uitur.
598 2388 772 2421 Praeterea
804 2388 922 2423 Graeci
955 2399 997 2423 eo
1063 2399 1091 2422 c.
1113 2388 1161 2428 16,
1179 2398 1231 2430 24,
1245 2389 1286 2422 28
1301 2389 1431 2432 quidem
1448 2388 1616 2422 Christum
1633 2389 1684 2422 die
1702 2389 1774 2422 VIII

453 2442 608 2475 >Domini
629 2443 860 2482 meminerunt,
883 2454 997 2487 quam·
1064 2443 1261 2476 Novembris
1292 2443 1488 2486 baptizatum
1517 2441 1617 2476 fuisse
1652 2450 1774 2482 censet,

479 2506 546 2529 non
581 2506 646 2529 suo
681 2496 734 2529 die
766 2497 997 2530 celebrabatur.
1063 2496 1183 2529 festum
1221 2496 1421 2540 Epiphaniae
1466 2502 1575 2529 autem
1621 2503 1774 2541 tanquam

452 2560 480 2583 ts
509 2550 549 2584 H.
581 2560 617 2592 51
651 2561 681 2584 c.
714 2550 762 2590 16,
794 2551 915 2594 Expos.
943 2550 997 2584 fid.
1064 2550 1183 2584 festum
1216 2550 1392 2583 nativitatis
1423 2550 1558 2583 Domini
1588 2552 1621 2584 in
1649 2551 1701 2584 die
1730 2552 1775 2584 VI

452 2604 640 2649 piphaniam
683 2604 872 2648 simpliciter
910 2605 998 2638 diem
1063 2605 1200 2638 Ianuarii
1212 2605 1363 2638 collocat.
1387 2603 1775 2649 &etiami-lieronymus

477 2659 615 2693 Domini
638 2658 791 2702 appellat.
837 2659 998 2692 Nonnun-
1065 2658 1105 2692 ad
1128 2658 1246 2692 Ezech.
1272 2669 1300 2698 x,
1327 2668 1419 2700 1-3.

452 2718 522 2746 tum
545 2711 590 2747 τὰ
611 2710 795 2754 θεοφάνια
812 2712 997 2757 appellaba·
1110 2722 1137 2755 3.
1161 2712 1424 2756 Qundragesima
1449 2714 1587 2756 primum
1611 2724 1629 2747 a
1645 2713 1775 2756 synodo

490 2768 556 2801 hoc
592 2767 731 2800 nomine
764 2766 843 2800 alias
878 2766 996 2800 festum
1064 2767 1208 2800 Nicaena
1231 2777 1259 2799 c.
1287 2776 1300 2808 5
1332 2774 1612 2800 commemoratur
1634 2773 1666 2801 et
1689 2768 1775 2800 haud

476 2822 721 2866 designaretur.
758 2821 926 2865 Agebatur
950 2820 996 2854 se·
1063 2821 1158 2854 dubie
1182 2831 1249 2853 non
1270 2820 1374 2854 multo
1389 2827 1464 2854 ante
1481 2828 1594 2855 exorta
1610 2826 1669 2854 est.
1708 2821 1775 2854 Te-

452 2887 505 2921 lue
527 2877 584 2909 die
607 2881 706 2909 sexto
734 2875 857 2908 mensis
879 2875 999 2908 decimi
1064 2875 1228 2914 stimonia,
1255 2885 1338 2918 quae
1367 2876 1522 2918 praebent
1544 2875 1698 2909 Canones
1722 2875 1775 2918 qui

1791 1054 1831 1084 10

1793 1378 1832 1408 15
