2457 3436
965 274 1097 303 CAPITA
1126 274 1328 304 Anm'mcu.
1817 265 1894 304 129

385 368 554 424 templo
583 369 672 419 Dei,
706 368 920 411 habitaculo
944 370 1092 424 gloriae
1119 378 1218 411 tuae.
1280 384 1339 423 17.
1377 370 1425 412 Et
1454 370 1635 412 ministro
1663 378 1734 412 tuo
1763 370 1813 412 N.
1843 370 1895 411 N.

389 433 593 484 concede,
605 434 793 485 Domine,
814 441 857 476 ut
875 434 1022 489 placeat
1040 434 1109 476 tibi
1129 448 1261 476 coram
1279 442 1319 477 te
1340 442 1378 477 et
1397 435 1510 476 omni
1528 442 1709 489 tempore
1728 435 1894 489 gloriam

390 513 442 541 ac
472 500 560 541 sine
589 497 669 541 fine
696 499 829 541 laudes
857 506 897 541 et
927 499 1108 554 hymnos
1127 508 1308 554 ternpore
1336 513 1410 541 suo
1440 507 1480 542 et
1498 501 1696 541 orationes
1719 507 1897 555 acceptas

393 563 544 606 offerat
571 565 612 605 in
631 564 834 606 virtutibus
861 572 899 607 et
918 564 1181 606 voluntatibus
1199 564 1268 606 tibi
1288 564 1526 619 placentibus
1546 571 1585 606 et
1604 564 1772 606 consilio
1792 566 1896 606 iusto

395 636 440 670 et
471 628 592 670 corde
622 628 757 670 humili
793 636 832 670 et
859 630 995 683 spiritu
1023 643 1123 684 puro
1160 636 1198 671 et
1226 629 1334 672 vultu
1362 629 1550 683 benigno,
1589 630 1772 684 operibus
1799 630 1897 671 vivis

398 707 446 735 ac
476 694 587 735 iustis
614 700 654 735 et
673 694 832 735 scientia
851 701 968 735 recta.
1022 696 1081 736 18.
1110 694 1254 745 Immo,
1283 694 1458 736 Domine
1479 694 1597 744 Deus,
1626 696 1691 749 qui
1715 696 1898 736 scrutaris

400 758 518 800 corda
537 766 571 800 et
591 772 707 808 rencs,
737 759 959 801 ministrum
980 759 1082 800 hunc
1101 766 1212 800 tuum
1233 759 1284 801 N.
1305 759 1357 801 N.
1378 758 1529 812 elegisti
1554 759 1593 800 in
1614 760 1897 814 episcopatum,

403 830 446 866 ut
470 832 606 878 pascat
624 838 777 878 gregem
797 832 903 864 tuum
931 831 1108 865 sanctum
1129 825 1168 864 in
1189 825 1392 866 sanctitate
1412 832 1450 865 et
1470 824 1671 879 sapientia,
1700 832 1742 865 ut
1764 831 1898 865 mente

402 895 537 930 sancta
565 889 761 930 ministret
787 888 856 930 tibi
885 888 947 930 die
976 903 1020 930 ac
1039 896 1175 930 nocte:
1206 888 1384 930 illumina
1394 890 1540 943 facicm
1558 897 1664 930 tuam
1686 896 1796 943 super
1815 903 1898 930 cum

405 967 579 1008 eumque
606 953 770 1007 dignum
801 953 933 1005 redde,
963 955 1026 1009 qui
1057 953 1242 995 sacrificia
1269 961 1403 996 sancta
1430 954 1615 995 ecclesiae
1640 961 1730 995 tuae
1760 953 1898 995 offerat

405 1026 632 1060 constanter
660 1032 704 1060 ac
733 1033 823 1060 cum
852 1020 1008 1069 timore,
1048 1026 1085 1060 et
1122 1026 1272 1073 praesta
1301 1019 1337 1060 ei
1365 1018 1566 1074 possidere
1592 1020 1764 1074 spiritum
1792 1026 1898 1060 tuum

398 1083 663 1139 principalem,
703 1092 745 1124 ut
780 1083 903 1125 solvat
939 1098 1044 1125 omne
1081 1084 1288 1134 vinculum,
1329 1084 1430 1126 sicut
1470 1098 1561 1125 eum
1601 1084 1789 1138 apostolis
1823 1085 1899 1126 tuis

404 1148 549 1190 sanctis
578 1147 731 1190 dedisti.
784 1161 844 1202 19.
872 1149 959 1198 Fac,
988 1156 1032 1190 ut
1049 1148 1118 1191 tibi
1146 1148 1295 1203 placeat
1315 1148 1614 1191 mansuetudine
1638 1156 1679 1190 et
1696 1148 1898 1203 prudentia

405 1220 446 1254 et
474 1213 632 1254 caritate
661 1221 701 1255 et
728 1214 887 1255 scientia
916 1221 956 1255 et
984 1213 1160 1255 doctrina
1196 1221 1235 1255 et
1262 1213 1505 1268 perfectione
1542 1221 1581 1255 et
1615 1212 1695 1255 fide
1730 1213 1899 1268 perfecta

405 1292 450 1320 ac
480 1277 601 1319 corde
621 1292 732 1332 puro.
783 1290 846 1320 20.
876 1278 1061 1320 Precetur
1080 1292 1152 1332 pro
1173 1278 1321 1334 populo
1340 1286 1426 1329 tu0,
1455 1286 1494 1320 et
1511 1279 1764 1320 contristetur
1782 1292 1898 1333 super

406 1342 676 1397 imprudentes
707 1350 746 1385 et
774 1343 1083 1385 misericordiam
1111 1350 1218 1385 tuam
1248 1344 1289 1385 in
1308 1343 1543 1385 adiutorium
1575 1344 1631 1384 eis
1651 1341 1830 1394 deducat,
1862 1350 1900 1384 et

405 1407 454 1449 ad
488 1413 530 1449 te
564 1407 723 1449 reducat
758 1415 943 1458 errantes,
981 1407 1110 1449 ebrios
1138 1408 1176 1449 in
1206 1407 1388 1459 tenebris,
1429 1421 1512 1458 eOS,
1552 1406 1690 1463 quibus
1724 1421 1806 1448 non
1842 1415 1901 1449 est

405 1471 590 1523 firmitas3
627 1480 666 1514 et
700 1472 876 1514 membra
911 1472 1085 1528 dispersa
1117 1472 1302 1526 adiungat
1338 1472 1523 1514 ecclesiae
1550 1480 1652 1522 tuae,
1688 1479 1731 1514 ut
1759 1485 1900 1513 omnes

406 1538 488 1579 sint
513 1538 612 1579 uniti
640 1538 680 1578 in
709 1539 830 1592 gratia
859 1544 925 1580 tua
944 1552 1029 1578 cum
1048 1536 1140 1578 bono
1167 1538 1277 1579 odore
1304 1545 1344 1580 et
1363 1538 1403 1578 in
1422 1537 1576 1579 laudem
1602 1538 1761 1578 nominis
1781 1538 1904 1578 sancti

406 1603 466 1643 tui
491 1609 562 1657 per
580 1601 711 1656 filium
745 1610 851 1643 tuum
885 1604 1036 1643 unicum
1066 1603 1187 1643 Iesum
1216 1602 1415 1644 Christum
1446 1602 1668 1643 Dominum
1707 1609 1898 1643 nostrum.

407 1678 475 1708 21.
499 1667 600 1708 Laus
619 1674 751 1709 autem
772 1675 810 1709 et
831 1667 961 1709 honor
982 1667 1051 1709 tibi
1072 1675 1131 1709 est
1151 1667 1245 1709 etei
1266 1675 1305 1709 et
1323 1667 1472 1721 spiritui
1492 1674 1628 1708 sancto
1648 1667 1694 1707 ab
1716 1666 1900 1708 omnibus

406 1732 571 1774 saeculis
600 1739 639 1774 et
666 1746 772 1774 nunc
801 1740 839 1774 et
867 1746 1022 1787 semper
1042 1740 1081 1774 et
1100 1733 1139 1774 in
1162 1732 1325 1782 saecula,
1354 1734 1510 1773 amen“.
1564 1743 1627 1773 22.
1657 1731 1705 1772 Et
1733 1730 1901 1787 populus

408 1797 543 1839 omnis
571 1796 768 1852 loquatur:
798 1798 942 1839 Amen.
1002 1809 1065 1850 23.
1095 1797 1142 1838 Et
1172 1805 1307 1851 postea
1338 1797 1512 1851 episcopi
1541 1810 1630 1837 eum
1662 1795 1899 1847 osculentur,

408 1869 450 1904 et
483 1863 686 1903 universus
720 1861 844 1903 clerus
878 1876 922 1903 ac
957 1861 1125 1916 populus
1162 1862 1308 1903 dicant:
1349 1862 1515 1914 Dignus,
1553 1860 1706 1914 dignus,
1746 1860 1900 1915 dignus.

409 1939 476 1981 24.
505 1927 552 1968 Et
580 1940 721 1968 omnes
752 1941 842 1968 eum
872 1926 1097 1969 osculentur
1126 1927 1238 1982 eique
1266 1925 1430 1968 salutem
1460 1933 1679 1981 precentur.
1731 1938 1793 1978 25.
1823 1926 1902 1968 De·

410 1992 501 2034 inde
531 1992 733 2046 pericopas
763 2005 957 2045 congruas
976 1992 1108 2046 legant
1137 1999 1175 2034 et
1193 1990 1424 2033 sacrificium
1445 1999 1623 2033 sanctum
1648 2005 1738 2032 cum
1761 1990 1901 2032 ordine

521 2066 615 2122 l-Ps.
641 2097 691 2131 25,
715 2089 746 2122 8.
777 2108 819 2113 -—-
848 2092 868 2123 6
890 2088 944 2123 Ps.
968 2099 997 2132 7,
1024 2099 1074 2122 10.
1104 2108 1142 2113 —
1175 2093 1196 2122 8
1219 2088 1233 2121 1
1257 2088 1342 2122 Petr.
1369 2098 1396 2131 5,
1421 2097 1450 2122 2.
1485 2107 1526 2113 —
1561 2092 1580 2122 9
1605 2088 1703 2122 Num.
1726 2087 1757 2129 6,
1782 2098 1832 2130 25.
1863 2107 1901 2112 —

413 2148 452 2178 ll
475 2144 529 2177 Ps.
556 2152 606 2185 50,
626 2151 674 2184 14.
698 2163 740 2168 —
765 2143 884 2177 121es.
905 2143 954 2185 58,
972 2142 1003 2176 6.
1028 2162 1066 2167 —
1091 2142 1150 2176 Mt.
1170 2143 1218 2183 18,
1238 2143 1287 2176 18.
1313 2161 1349 2167 —
1378 2145 1418 2176 19
1442 2142 1523 2186 Eph.
1542 2151 1569 2184 5,
1590 2151 1618 2175 2.
1641 2163 1685 2168 --
1708 2142 1782 2175 Act.
1804 2151 1834 2182 4,
1854 2151 1902 2184 30.

455 2250 508 2284 23.
520 2241 709 2284 osculentur]
723 2240 776 2275 Cf.
790 2240 969 2280 C.A.V111‚
984 2250 1011 2283 5,
1025 2250 1073 2275 10.
1084 2260 1125 2266 —

407 2296 541 2340 populus
564 2296 634 2338 eta]
662 2295 756 2329 Ritus
785 2295 1028 2329 constitutionis
1056 2295 1125 2339 epi-

411 2349 506 2394 scopi
521 2350 685 2393 copticus:
707 2349 853 2394 Populus
871 2349 963 2382 dicit:
986 2349 1124 2392 Dignus,

410 2404 541 2448 dignus,
564 2404 682 2447 dignus
698 2404 904 2447 (Denzinger
925 2403 945 2436 l.
962 2414 990 2437 c.
1007 2413 1038 2447 p.
1057 2403 1125 2446 25).

458 2456 595 2499 25—26.
625 2457 661 2490 In
684 2457 904 2501 descriptione
927 2456 1125 2490 consecrati-

412 2511 487 2545 onis
510 2511 713 2556 patriarchae
729 2510 939 2544 Alexandrini
955 2509 1125 2543 Ebnassali

414 2566 559 2610 epitome
571 2576 736 2599 canonum
743 2565 826 2599 haec
837 2565 984 2599 exhibet:
997 2564 1126 2605 „Lecti—

414 2628 480 2652 one
494 2618 549 2652 illa
566 2624 697 2663 peracta
711 2618 896 2663 perficietur
908 2618 1049 2663 liturgia.
1068 2644 1076 2652 .
1091 2643 1099 2652 .
1117 2644 1125 2652 .

415 2673 466 2706 Ad
488 2672 590 2706 finem
621 2673 770 2717 liturgiae
794 2673 918 2717 primus
940 2673 1010 2717 ipse
1033 2683 1125 2706 com-

415 2727 592 2761 municabit
614 2728 715 2761 sacris
737 2727 902 2772 mysteriis
919 2732 951 2761 et
968 2726 1037 2760 aliis
1053 2737 1127 2760 om-

415 2781 508 2814 nibus
535 2782 622 2815 iuxta
645 2781 795 2815 ordinem
824 2792 920 2815 suum
943 2781 1126 2815 communi·

480 2837 600 2877 Fun,
623 2837 755 2871 Diome.
777 2847 816 2870 ετ
838 2836 986 2870 Consi-rr.
1009 2847 1059 2870 ΑΡ.
1105 2836 1143 2870 11.

1192 2251 1291 2274 onem
1317 2240 1494 2281 distribuet,
1519 2240 1722 2283 dimittetque
1746 2249 1805 2272 eos
1828 2250 1902 2272 cum

1191 2304 1271 2338 pace
1302 2299 1335 2327 et
1369 2293 1607 2327 benedictione.
1652 2293 1772 2326 Postea
1800 2292 1903 2327 festos

1191 2348 1261 2381 dies
1284 2353 1350 2381 tres
1368 2346 1533 2380 celebrant
1549 2347 1582 2380 in
1600 2346 1682 2379 cella
1700 2347 1903 2391 patriarchali

1192 2413 1267 2435 cum
1296 2411 1420 2446 magno
1451 2401 1672 2445 spiritualique
1695 2400 1903 2435 festivitate“.

1192 2456 1244 2490 cf.
1268 2456 1456 2499 Denzinger
1482 2455 1504 2488 l.
1533 2466 1562 2488 c.
1592 2466 1624 2499 p.
1654 2464 1703 2498 35.
1749 2455 1905 2489 Similiter

1190 2509 1385 2543 Vanslebius
1419 2509 1461 2542 de
1495 2509 1728 2542 constitutione
1758 2509 1903 2553 episcopi

1191 2574 1295 2608 agens
1307 2564 1341 2597 in
1348 2563 1493 2597 Historia
1502 2562 1905 2597 ecclesiaeAlexandrinae

1191 2629 1223 2662 p.
1241 2628 1299 2661 ¹75
1318 2628 1365 2662 sq.
1382 2617 1474 2651 dicit:
1498 2616 1622 2661 perficit
1637 2618 1829 2661 (episcopus
1842 2627 1905 2650 no-

1184 2672 1269 2715 ¹vus)
1291 2673 1436 2712 missam,
1460 2672 1594 2715 eiusque
1616 2672 1650 2703 in
1671 2670 1736 2704 fine
1759 2670 1906 2704 euchari-

1193 2727 1289 2760 stiam
1312 2726 1366 2759 dat
1389 2725 1530 2770 populo;
1553 2725 1670 2758 deinde
1686 2724 1727 2758 ad
1743 2724 1854 2769 epulas
1870 2735 1905 2758 se

1193 2779 1331 2821 confert,
1361 2780 1414 2813 ubi
1438 2780 1578 2824 primum
1601 2779 1711 2813 locum
1734 2779 1842 2821 habet,
1874 2784 1906 2812 et

1758 2837 1778 2867 9

1924 963 1963 992 10

1925 1287 1963 1316 15

1924 1610 1967 1640 20

1924 1934 1966 1964 25
