2457 3436
909 384 1226 421 cous-nmmum
1253 384 1532 414 Arosrotomna.
1881 374 1972 416 XLI

589 480 749 522 Restant
768 480 884 522 nobis
906 479 1062 522 codices
1081 480 1220 522 decem
1241 480 1301 522 vel
1322 480 1518 530 undecim,
1537 481 1569 522 si
1585 481 1702 522 etiam
1717 481 1968 523 Barberinum

497 558 741 595 numeramus,
771 546 837 601 qui
866 545 1093 599 particulam
1122 544 1205 591 libri
1227 545 1317 586 VIII
1337 546 1524 587 continet.
1572 545 1677 587 Inter
1701 559 1770 587 eos
1790 554 1968 600 quatuor,

505 610 625 652 scilicet
650 606 1143 664 vindobonensis-sn,
1180 610 1571 664 Petropolitanus
1601 622 1693 664 254,
1728 610 1970 652 Ambrosi-

512 688 600 716 anus
623 676 657 717 G
685 677 738 728 64
765 689 867 730 sup„
897 675 1227 725 Atheniensis,
1257 689 1372 716 unam
1403 674 1587 716 familiam
1618 674 1801 717 efficiunt.
1853 675 1968 717 Simi-

518 740 580 781 liter
601 741 690 782 inter
716 754 760 781 se
789 740 1034 782 conveniunt
1061 747 1177 794 atque
1197 753 1218 780 a
1237 739 1393 795 reliquis
1413 738 1630 781 discedunt.
1676 739 1816 795 Neque
1835 748 1968 782 tamen

523 805 574 858 ipsi
588 805 745 860 aequales
764 812 870 847 sunt.
910 805 1086 846 Primum
1107 804 1238 846 locum
1260 803 1411 846 obtinet
1431 803 1766 855 vindobonensis,
1787 804 1966 847 infimum

526 868 803 924 Petropolitanus,
842 869 934 911 inde
971 884 992 911 a
1029 878 1136 924 parte
1173 869 1258 910 libri
1293 869 1365 910 VII
1400 868 1517 910 altera
1555 868 1662 923 plura
1699 870 1887 911 omittens
1924 884 1968 911 ac

528 936 633 989 saepius
656 942 803 977 textum
835 933 946 976 valde
973 934 1230 976 adulteratum
1261 933 1460 976 exhibens.

602 999 737 1042 Deinde
767 1000 884 1042 unius
913 999 1078 1041 familiae
1105 1006 1198 1041 sunt
1226 998 1382 1041 codices
1403 999 1613 1046 Vaticani
1648 1001 1749 1051 1056
1779 1006 1819 1041 et
1848 1000 1966 1052 2089.

531 1063 622 1105 Eidem
638 1078 754 1119 prope
774 1064 825 1105 ad
844 1063 947 1106 illam
968 1063 1149 1105 familiam
1171 1063 1373 1105 accedunt.
1421 1063 1525 1105 Cum
1545 1070 1675 1105 autem
1697 1062 1824 1118 plures
1845 1063 1968 1115 locos,

530 1141 598 1181 quos
610 1131 641 1170 in
659 1144 700 1172 ea
720 1136 896 1172 mutatos
916 1128 1032 1171 fuisse
1051 1128 1149 1171 infra
1168 1128 1400 1179 videbimus,
1419 1127 1544 1170 adhuc
1559 1128 1735 1182 integros
1750 1128 1968 1180 exhibeant,

529 1191 621 1235 saltem
640 1194 845 1236 Vaticanus
873 1196 988 1246 1056,
1016 1208 1105 1235 cum
1114 1193 1208 1235 alter
1228 1192 1423 1248 particulis
1441 1192 1553 1234 locos
1571 1191 1657 1233 illos
1677 1193 1968 1235 continentibus

528 1256 580 1297 iam
599 1260 729 1301 maiore
759 1273 809 1301 ex
837 1266 946 1313 parte
975 1266 1112 1310 careat,
1141 1259 1302 1313 stirpem
1332 1257 1589 1299 vetustiorem
1617 1265 1920 1312 repraesentant.

599 1324 738 1366 Medius
768 1325 871 1366 inter
899 1323 981 1365 illas
1009 1323 1149 1365 classes
1178 1330 1236 1364 est
1259 1322 1750 1378 Hierosolymitanus,
1778 1322 1969 1377 plurimos

526 1399 559 1426 ex
577 1387 651 1430 locis
677 1388 882 1430 laudandis
911 1390 1025 1430 etiam
1056 1389 1243 1442 integros,
1278 1387 1378 1429 duos
1411 1387 1474 1429 vel
1509 1396 1587 1429 tres
1623 1388 1700 1428 iam
1734 1387 1968 1429 adulteratos

522 1451 647 1496 tradens.

596 1519 836 1562 Vaticanus
857 1520 936 1572 838
955 1519 1139 1560 omnibus
1158 1518 1229 1560 illis
1249 1518 1345 1560 locis
1375 1518 1585 1560 lectionem
1612 1525 1758 1559 rectam
1788 1517 1967 1558 servavit.

513 1582 614 1626 Altera
640 1599 685 1626 ex
713 1592 824 1640 parte
852 1584 961 1639 plura
989 1584 1116 1634 habet,
1151 1597 1250 1638 quae
1282 1582 1385 1637 apud
1421 1596 1568 1624 omnesv
1596 1583 1692 1624 alios
1719 1589 1838 1624 testes
1869 1582 1969 1624 desi-

508 1645 661 1691 derantur
687 1658 724 1692 et
754 1650 859 1691 haud
889 1648 1003 1690 dubie
1032 1648 1261 1704 interpolata
1291 1655 1394 1698 sunt,
1423 1647 1570 1689 scilicet
1597 1647 1644 1697 11,
1676 1649 1713 1697 6,
1743 1660 1809 1700 15;
1844 1659 1904 1700 13,
1927 1659 1946 1700 3
1956 1663 1968 1699 ;

504 1712 541 1763 V,
571 1727 601 1765 1,
627 1716 670 1765 83
698 1728 737 1769 7,
772 1727 832 1757 11.
868 1726 930 1755 12.
960 1726 1030 1765 21;
1066 1727 1124 1767 14,
1160 1716 1225 1765 163
1260 1726 1319 1766 15,
1352 1726 1393 1766 33
1423 1713 1491 1763 VI,
1524 1724 1558 1765 3,
1594 1726 1632 1763 1;
1662 1711 1748 1762 VII,
1777 1713 1816 1762 8,
1845 1715 1882 1753 6.

589 1779 735 1821 Locum
772 1778 1008 1833 singularem
1045 1778 1213 1833 denique
1246 1777 1331 1819 libri
1360 1778 1618 1819 Vaticanus
1647 1778 1753 1819 2088
1784 1785 1821 1818 et
1850 1777 1970 1818 Bod-

489 1844 663 1886 leianus
696 1844 895 1886 obtinent.
950 1844 1055 1885 Inter
1083 1857 1226 1885 omnes
1254 1842 1410 1884 codices
1447 1850 1595 1884 textum
1634 1842 1969 1897 corruptissimum

484 1909 676 1963 praebent.
733 1909 931 1959 Quamvis
958 1916 1087 1951 autem
1122 1907 1269 1950 foedati
1304 1922 1385 1949 non
1421 1909 1590 1949 omnino
1624 1905 1833 1961 spernendi
1867 1915 1969 1949 sunt.

480 1974 595 2015 Haud
614 1988 732 2028 pauca
752 1973 915 2029 quidem
945 1974 982 2014 in
1012 1974 1069 2014 eis
1098 1980 1257 2023 mutata,
1287 1972 1355 2014 sed
1384 1973 1499 2014 etiam
1526 1972 1648 2014 multa
1667 1971 1830 2014 fideliter
1849 1980 1971 2014 trans·

478 2039 620 2094 scripta
647 2046 750 2081 sunt.

589 2104 665 2146 Cui
695 2103 822 2145 codici
854 2110 983 2145 autem
1004 2103 1067 2145 vel
1086 2104 1148 2145 cui
1169 2102 1334 2144 familiae
1355 2103 1393 2143 in
1413 2110 1522 2144 textu
1541 2102 1783 2144 restituendo
1804 2103 1972 2144 maxima

477 2169 689 2211 auctoritas
723 2167 969 2211 attribuenda
1004 2169 1086 2209 est?
1141 2166 1314 2221 Lagarde
1351 2167 1507 2208 codices
1536 2166 1889 2209 Vindobonensem
1921 2181 1968 2222 73

479 2243 517 2275 et
545 2233 901 2288 Petropolitanum,
936 2233 1000 2289 qui
1036 2240 1187 2287 praeter
1216 2231 1570 2273 vindobonensem
1605 2232 1767 2274 alterurn
1805 2241 1842 2274 et
1870 2233 1972 2274 Pari-

477 2299 607 2340 sinum
640 2311 713 2352 931
747 2298 824 2340 soli
857 2298 892 2339 ei
919 2300 1073 2352 p'raesto
1103 2304 1223 2346 erant,
1264 2296 1344 2338 fere
1378 2296 1520 2351 ubique
1549 2305 1703 2338 secutus
1732 2305 1802 2338 est.
1860 2297 1972 2339 Haud

477 2363 595 2405 dubie
633 2371 765 2405 autem
802 2363 955 2405 erravit.
1011 2363 1106 2404 Non
1144 2361 1271 2403 solum
1312 2361 1481 2416 reliquos
1524 2361 1679 2403 codices
1719 2369 1895 2403 vetustos
1935 2369 1975 2403 et

478 2429 714 2471 vetustiores
752 2442 838 2469 non
876 2428 1059 2482 cognitos
1097 2427 1239 2477 habuit,
1276 2426 1345 2468 sed
1380 2427 1494 2468 etiam
1534 2440 1614 2467 non
1651 2427 1849 2477 intellexit,
1887 2426 1974 2468 illos

478 2494 612 2536 multis
631 2493 730 2536 locis
747 2500 902 2535 textum
919 2492 1155 2535 deteriorem
1176 2490 1356 2533 exhibere
1375 2506 1491 2546 quam
1511 2491 1723 2533 editionem
1744 2492 1974 2546 principem.

478 2559 563 2609 Qui
591 2558 873 2600 adnotationes
906 2558 1056 2614 criticas
1090 2556 1296 2611 diligenter
1330 2557 1552 2610 inspexerit,
1587 2555 1626 2597 id
1661 2556 1769 2598 facile
1803 2557 1975 2598 animad-

478 2631 615 2666 vertet.
666 2624 757 2665 Hoc
787 2622 880 2664 loco
909 2636 1029 2677 pauca
1058 2622 1296 2663 monuerim.
1344 2621 1516 2663 Codices
1545 2620 1596 2662 illi
1627 2621 1769 2663 habent
1797 2621 1844 2671 11,
1865 2623 1930 2671 26,
1953 2633 1972 2673 5

476 2690 671 2741 καθάπερ
698 2688 744 2730 αἱ
772 2687 961 2740 δυνάμεις
989 2691 1052 2741 τῷ
1081 2692 1183 2740 θεῷ,
1219 2686 1354 2741 reliqui
1394 2683 1451 2734 ὥς
1485 2683 1509 2727 ὃ
1540 2686 1715 2738 Χριστὸς
1750 2690 1810 2738 τῷ
1838 2689 1976 2738 πατρί,

476 2768 528 2796 sc.
556 2752 844 2807 παριστάσθω
873 2751 897 2794 ὅ
925 2753 1120 2802 διάκονος
1147 2757 1210 2804 τῷ
1238 2751 1466 2804 ἐπισκόπῳ,
1496 2751 1546 2802 V,
1577 2765 1614 2805 7,
1648 2752 1695 2793 18
1724 2747 1750 2792 ἃ
1778 2748 1977 2804 ἠθέλησεν

474 2819 654 2874 Χριστός
688 2835 699 2860 :
736 2815 764 2860 ἃ
792 2817 1023 2872 προσετάγη
1052 2817 1242 2871 Χριστός,
1285 2817 1353 2867 Vl,
1389 2830 1447 2870 14,
1479 2828 1501 2857 2
1530 2825 1778 2868 προσκυνεῖν
1806 2818 1870 2857 καὶ
1900 2815 1977 2856 τὸν

472 2885 627 2939 κύριον,
649 2883 776 2938 ἡμῶν
805 2879 847 2924 Ἰ.
876 2883 1057 2936 Χριστὸν
1085 2884 1153 2925 καὶ
1181 2882 1232 2924 τὸ
1259 2881 1464 2935 πανάγιον
1490 2885 1651 2934 ,πνεῦμα
1686 2896 1695 2922 :
1730 2889 1979 2933 ,προσκυνεῖν
