2457 3436
849 270 1165 300 cons‘n'runomts
1193 270 1471 301 APOSTOLORUM.
1855 261 1905 299 15

400 364 522 398 debito
540 365 663 407 dicunt,
679 373 714 400 ut
730 366 919 410 Ps.-lguatii
935 366 1034 399 verba
1049 367 1090 399 ad
1107 366 1199 399 illum
1218 366 1328 399 locum
1344 365 1515 399 referenda
1532 366 1605 399 sint.
1644 366 1720 399 Duo
1737 372 1905 410 praeterea

403 419 647 453 consideranda
670 425 754 454 sunt.
794 420 1011 464 Ps,-Ignatius
1034 426 1067 453 et
1082 419 1312 454 Ps.-Clemens
1335 420 1445 453 multis
1463 420 1545 453 locis
1561 420 1645 453 adeo
1666 420 1750 453 inter
1763 430 1799 453 se
1823 430 1902 453 con·

406 473 566 513 sentiunt,
597 480 633 506 ut
663 473 802 507 alterum
825 474 963 508 alterum
986 474 1157 518 cognitum
1177 474 1330 507 habuisse
1354 474 1406 506 vel
1430 474 1640 517 exscripsisse
1664 474 1759 517 plane
1783 479 1903 518 pateat.

406 525 529 560 Verbis
552 527 589 561 οὶ
611 524 803 562 ἀπόστολοι
829 524 1041 569 διατάξαντο
1071 533 1139 561 tam
1168 527 1319 561 distincte
1341 529 1515 570 Διαῑαγαὶ
1544 527 1595 561 vel
1619 524 1804 568 Διατᾶξεις
1831 530 1906 561 τῶι·

409 577 627 615 ἀποστόλων
648 581 838 623 indicantur,
867 587 901 615 ut
924 583 994 615 iure
1016 581 1221 626 colligamus,
1250 583 1314 616 boc
1343 592 1427 626 opus
1450 581 1685 625 Ps,·1gnatium
1713 591 1827 615 revera
1852 591 1904 614 re-

409 635 567 678 spexisse,
613 635 811 680 Hilgenfeld,
841 635 959 680 ignatii
981 642 1013 670 et
1035 635 1221 681 Polycarpo
1250 636 1408 680 epistulae
1440 644 1522 680 1902
1545 647 1580 679 p.
1610 644 1679 679 359,
1707 635 1821 669 Iocum
1850 636 1903 668 vix

410 694 499 722 recte
522 690 753 733 interpretatus
775 695 836 724 est.

518 743 735 787 Ps‚-Ignatius
758 743 840 777 alios
864 743 958 777 locos
974 744 1132 788 plurimos
1148 754 1224 777 cum
1241 743 1486 777 Ps.-Clemente
1509 753 1704 776 communes
1726 743 1825 776 habet
1850 743 1901 776 vel

408 797 507 830 tacite
537 807 557 831 e
587 797 883 832 Constitutionibus
911 799 1090 842 exscripsit.
1135 798 1267 842 Collegi
1296 808 1354 831 eos
1382 799 1414 831 in
1442 797 1540 831 libro:
1577 798 1640 830 Die
1669 797 1902 841 Apostolischm

411 851 665 885 Konstitueiom
692 852 769 896 1891
797 863 828 896 p.
853 860 1011 895 322—33,
1034 852 1076 885 ad
1098 862 1196 896 quem
1219 852 1378 885 lectorem
1402 852 1543 885 remitto.

516 905 570 938 De
598 911 705 939 aetate
733 911 767 940 et
794 906 964 950 theologia
994 906 1180 950 Ps.-Ignatii
1208 906 1261 939 alii
1290 906 1393 939 adhuc
1423 905 1516 938 aliter
1544 906 1696 938 sentiunt.
1741 905 1901 949 Equidem

408 959 589 993 identidem
610 959 653 993 de
676 970 715 993 ea
738 959 909 1003 disputavi,
931 960 1122 1003 praesertim
1144 960 1178 993 in
1192 959 1277 993 libro
1291 959 1422 993 laudato
1439 970 1469 1003 p.
1491 959 1593 992 281-
1600 968 1671 1001 315,
1695 959 1728 992 in
1748 959 1903 997 Kirchm-

404 1013 639 1057 geschichtlich
662 1013 911 1058 Abhandlungen
941 1015 1006 1047 und
1038 1014 1311 1057 Untersuchungen
1340 1013 1368 1046 11
1392 1013 1518 1057 (1899),
1550 1022 1708 1056 359-72,
1738 1013 1770 1046 in
1805 1012 1901 1046 Theo-

405 1067 541 1111 logische
564 1068 816 1112 Quartalschrtfl
842 1076 918 1111 1901
946 1078 976 1111 p.
993 1067 1153 1109 att—26,
1177 1067 1230 1101 ubi
1254 1078 1330 1100 eum
1347 1067 1614 1111 Apollinaristam
1638 1066 1738 1099 fuisse
1762 1067 1900 1100 demon-

405 1122 514 1155 stravi.
554 1120 626 1161 Qui
646 1131 723 1155 eum
739 1122 976 1155 Semiarianum
995 1122 1126 1163 habent,
1149 1121 1314 1155 nonnullis
1332 1121 1499 1154 decenniis
1521 1127 1616 1154 antea
1639 1131 1716 1154 eum
1732 1120 1901 1165 scripsisse

405 1180 555 1209 censent.

1135 1284 1176 1317 11.

656 1358 863 1393 PROCLUS
885 1358 1474 1394 CONSTANTINOPOLITANUS
1497 1359 1532 1402 [†
1555 1358 1654 1402 447]?

512 1446 577 1487 De
610 1445 821 1488 traditione
855 1445 1008 1487 divinae
1045 1446 1233 1500 liturgiae,
1276 1446 1412 1500 Migne
1452 1445 1521 1487 PG
1561 1448 1625 1497 65,
1662 1445 1897 1498 849—852:

404 1512 562 1553 Πολλοὶ
592 1512 670 1564 μέν
702 1526 810 1560 τινες
843 1513 912 1552 καὶ
944 1508 1061 1552 ἄλλοι
1099 1514 1187 1552 τῶν
1220 1510 1319 1560 τούς
1352 1510 1486 1563 ἱεροὺς
1521 1506 1780 1557 ἀποστόλους
1815 1511 1899 1550 δια-

401 1576 636 1628 δεξαμένων
663 1579 773 1617 θεῖοι
799 1577 988 1629 ποιμένες
1015 1578 1081 1617 καὶ
1111 1576 1349 1617 διδάσκαλοι
1378 1581 1453 1629 τῆς
1480 1575 1693 1628 ἐκκλησίας
1720 1563 1798 1627 τὴν
1825 1579 1901 1627 τῆς

400 1645 604 1694 μυστικῆς
630 1643 883 1694 λειτουργίας
902 1640 1069 1682 ἔκθεσιν
1088 1640 1302 1694 ἐγγράφως
1321 1638 1617 1687 καταλιπόντες
1636 1644 1689 1691 τῇ
1708 1640 1899 1694 ἐκκλησίᾳ

401 1703 757 1758 παραδεδώκασιν.
812 1705 856 1757 ἐξ
891 1699 951 1746 ὧν
986 1707 1029 1747 δὲ
1055 1711 1219 1758 πρῶτοι
1255 1699 1371 1747 οὗτοι
1400 1707 1468 1746 καὶ
1496 1704 1729 1756 διαπρύσιοι
1756 1702 1900 1757 τυγχά-

402 1782 567 1812 νουσιν·
598 1766 623 1812 ὅ
651 1785 695 1812 τε
721 1769 921 1823 μακάριος
950 1770 1123 1824 Κλήμης,
1155 1768 1177 1812 ὁ
1200 1773 1275 1811 τοῦ
1294 1771 1522 1823 κορυφαίου
1542 1775 1630 1810 τῶν
1650 1767 1897 1810 ἀποστόλων

401 1833 594 1889 μαθητὴς
629 1837 697 1876 καὶ
726 1834 926 1888 διάδοχος,
961 1834 1078 1888 αὐτῷ
1113 1839 1200 1875 τῶν
1233 1834 1358 1888 ἱερῶν
1391 1831 1640 1876 ἀποστόλων
1673 1831 1898 1886 ὖπαγορευ-

403 1900 584 1941 σάντων.
640 1902 710 1941 καὶ
739 1897 763 1942 ὁ
789 1904 905 1948 θεῖος
930 1896 1132 1950 Ἰάκωβος,
1167 1898 1190 1941 ὁ
1221 1905 1295 1953 τῆς
1318 1898 1656 1952 Ἱεροσολυμιτῶν
1684 1899 1897 1952 ἐκκλησίας

403 1965 482 2006 τὸν
526 1968 682 2019 κλῆρον
729 1964 867 2017 λαχὼν
916 1966 983 2006 καὶ
1029 1964 1180 2019 ταύτης
1222 1970 1391 2017 πρῶτος
1429 1965 1651 2011 ἐπίσκοπος
1693 1961 1778 2004 ὑπὸ
1818 1968 1897 2004 τοῦ

401 2029 578 2083 πρώτου
605 2030 673 2071 καὶ
699 2029 877 2083 μεγάλου
905 2026 1120 2082 ἀρχιερέως
1151 2032 1332 2081 Χριστοῦ
1371 2035 1449 2070 τοῦ
1483 2033 1588 2070 θεοῦ
1622 2027 1740 2081 ἡμῶν
1776 2043 1898 2069 κατα·

403 2098 582 2143 σταθείς.
638 2092 662 2135 ὃ
693 2095 737 2136 δὲ
763 2096 884 2148 μέγας
913 2097 1123 2142 Βασίλειος
1152 2098 1240 2136 κτλ.

512 2159 615 2192 Huius
631 2159 808 2203 scripturae
826 2159 1045 2203 fragmentum
1059 2159 1168 2192 solum
1180 2165 1294 2192 exstat.
1318 2158 1370 2192 De
1383 2159 1452 2192 eius
1465 2159 1630 2192 authentia
1643 2158 1751 2201 plures
1764 2157 1896 2201 quidem

401 2213 639 2254 dubitaverunt,
673 2223 779 2258 neque
814 2223 894 2247 vero
928 2223 1003 2246 eam
1036 2223 1103 2246 non
1138 2224 1156 2246 a
1191 2212 1310 2246 Proclo
1345 2211 1526 2256 profectam
1559 2222 1631 2245 esse
1667 2212 1894 2255 probaverunt.

400 2267 535 2301 Pr2eter
563 2267 663 2301 libros
695 2267 934 2311 manuscriptos
963 2278 1037 2300 eam
1066 2267 1229 2300 tradentes
1260 2273 1360 2300 testes
1391 2277 1467 2299 sane
1498 2267 1624 2306 desunt,
1661 2266 1714 2309 qui
1747 2275 1820 2297 eam
1850 2264 1895 2296 illi

399 2322 483 2366 patri
512 2321 697 2355 attribuant.
742 2320 855 2354 Altera
883 2331 923 2354 ex
952 2326 1042 2364 parte
1071 2326 1181 2354 autem
1216 2321 1372 2364 scriptura
1402 2320 1481 2353 nihil
1512 2320 1667 2359 continet,
1703 2318 1791 2362 quod
1821 2328 1895 2351 eam

400 2375 521 2409 Proclo
550 2375 732 2408 abiudicare
761 2385 822 2408 nos
852 2381 960 2419 cogat.
1005 2375 1176 2418 Remigius
1200 2374 1342 2415 Ceillier,
1365 2374 1506 2406 Histoire
1526 2374 1673 2417 Αιμ”ηένιιῖι-
1695 2374 1746 2406 des
1769 2377 1896 2405 auteurs

398 2432 500 2463 sacrc's
523 2434 551 2461 e!
575 2430 814 2472 eccllst'astiques
836 2440 863 2462 c.
890 2438 928 2471 27
952 2440 983 2462 n.
1008 2429 1050 2461 26
1073 2429 1123 2462 ed.
1146 2428 1246 2461 Paris.
1275 2429 1355 2461 1882
1379 2435 1401 2461 t.
1426 2428 1445 2460 8
1469 2438 1499 2471 p.
1523 2437 1584 2469 413
1610 2437 1668 2470 sq.,
1698 2436 1895 2470 quamquam

398 2484 427 2517 ei
453 2483 592 2517 minime
616 2482 714 2523 favet,
739 2488 848 2516 tamen
873 2493 946 2516 eam
968 2483 1065 2526 plane
1087 2483 1207 2515 reicere
1224 2492 1290 2515 non
1307 2483 1413 2515 audet.
1452 2481 1491 2514 Et
1510 2482 1537 2514 si
1553 2481 1686 2514 Procius
1706 2490 1778 2512 eam
1803 2490 1895 2512 coni-

398 2537 518 2581 posuit,
549 2542 625 2580 post
648 2536 960 2580 Pseudo-ignatium
989 2538 1082 2570 testis
1111 2536 1393 2569 Constitutionuin
1423 2535 1650 2579 apostolorum
1680 2535 1802 2578 primus
1834 2540 1894 2566 est.

396 2592 449 2624 De
471 2590 605 2635 liturgia
622 2590 713 2624 enim
729 2589 910 2624 Clementis
935 2591 1045 2624 dicens
1069 2595 1182 2623 auctor
1204 2590 1289 2623 haud
1311 2590 1408 2623 dubie
1432 2600 1505 2622 eam
1530 2590 1680 2633 respexit,
1706 2598 1788 2632 quae
1811 2588 1895 2621 libro

394 2645 473 2679 VIII
499 2644 786 2679 Constitutionum
808 2645 952 2678 traditur.
