2457 3436
830 373 1095 404 aros-romam(
1126 374 1187 412 vn,
1216 375 1269 413 35,
1291 377 1312 407 8
1356 376 1409 413 36,
1433 377 1463 407 1.
1811 366 1890 404 433

452 454 459 470 l

452 480 461 490 ·
503 476 726 523 aegrotantes
764 471 881 524 erigit
918 477 958 512 et
990 469 1188 512 facultates
1225 485 1355 512 rerum
1395 471 1600 520 convertit,
1643 478 1682 512 et
1717 471 1888 513 hostium

452 529 543 581 'Dias
567 534 832 590 populumque
851 542 1112 586 numeratum,
1142 535 1236 577 dum
1255 535 1432 590 superbia
1452 537 1636 585 exoritur,
1666 537 1889 590 prosternit.

453 620 458 624 ·
486 595 542 640 Tu
567 613 620 650 es,
648 600 715 654 qui
741 600 783 641 in
812 599 921 642 caelo
950 600 1115 651 exsistis,
1144 601 1210 655 qui
1238 601 1277 642 in
1307 608 1422 650 terra,
1451 601 1516 656 qui
1546 601 1585 641 in
1617 601 1725 647 mari,
1755 602 1820 655 qui
1849 602 1888 642 in

452 663 629 714 missatis,
656 679 678 705 a
707 663 816 706 nullo
844 665 1091 716 terminatus3
1129 679 1298 720 namque
1327 665 1596 719 magnitudinis
1623 673 1710 706 tuae
1737 680 1811 707 non
1838 674 1890 706 est

452 728 592 770 ”iams-
646 729 789 784 Neque
827 743 923 771 vero
959 736 1140 771 nostrum
1181 737 1240 771 est
1278 728 1382 781 illud,
1425 730 1619 780 Domine3
1663 729 1793 771 famuli
1833 732 1887 772 tui

452 793 600 835 :culum
632 800 691 835 est
720 793 901 836 dicentis:
932 794 979 836 Et
1007 807 1196 848 cognosces
1223 795 1332 835 corde
1360 803 1443 844 tuo„
1465 795 1562 849 quod
1580 794 1767 836 Dominus
1785 795 1891 836 Deus

452 870 494 908 ts,
521 857 636 899 Deus
661 860 702 899 in
728 859 832 900 caclo
858 873 1006 900 sursum
1036 867 1070 900 et
1096 860 1136 900 in
1164 868 1266 900 terra
1293 860 1475 909 deorsum,
1504 868 1538 900 et
1567 874 1638 900 non
1658 860 1890 915 estamplius

452 930 545 965 teter
570 937 671 964 eum.
720 936 757 976 9.
786 923 926 978 Neque
955 924 1060 965 enim
1092 931 1150 965 est
1179 924 1287 965 Deus
1316 931 1466 978 praeter
1494 931 1533 965 te
1561 924 1705 974 solum,
1734 932 1889 967 sanctus

452 1002 473 1030 n
504 996 569 1030 est
597 995 751 1042 praeter
779 996 832 1038 te,
866 988 1054 1030 Dominus
1081 988 1189 1030 Deus
1220 989 1474 1039 scientiarum,
1512 989 1620 1030 Deus
1648 996 1888 1040 sanctorum,

452 1061 552 1095 octus
586 1067 705 1107 supra
739 1066 880 1094 omnes
914 1060 1089 1103 sanctos;
1127 1067 1219 1094 nam
1253 1052 1480 1108 sanctificati
1509 1053 1576 1094 sub
1612 1054 1784 1095 manibus
1816 1056 1890 1095 tuis

452 1125 488 1160 tt.
543 1117 742 1160 Gloriosus
760 1125 794 1158 et
810 1117 1120 1172 superexaltatus,
1141 1125 1274 1159 natura
1293 1117 1505 1168 invisibilis,
1529 1119 1889 1173 impervestigabilis

452 1182 636 1234 iudiciis;
651 1183 761 1224 cuius
780 1183 858 1224 vita
877 1196 960 1224 non
980 1181 1125 1236 indiga,
1145 1182 1297 1224 duratio
1317 1183 1566 1224 immutabilis
1586 1197 1630 1225 ac
1649 1183 1889 1235 indeficiens,

452 1248 582 1290 emtio
614 1246 873 1301 infatigabilis,
908 1248 1239 1303 incircumscripta
1268 1247 1512 1301 magnitudo,
1548 1249 1728 1302 perennis
1757 1248 1888 1301 decor,

452 1325 596 1355 recessa
612 1312 1176 1366 habitatio,intransmigrabilis
1192 1313 1358 1363 mansio,
1375 1314 1551 1366 cognitio
1566 1320 1734 1364 aeterna,
1749 1316 1889 1355 veritas

453 1376 664 1426 mutabilis,
693 1391 795 1432 opus
824 1376 930 1418 nullo
959 1378 1179 1419 interventu
1208 1376 1365 1427 factum,
1395 1380 1570 1432 potentia
1599 1378 1712 1419 nullis
1741 1378 1888 1421 insidiis

452 1442 589 1496 posita,
618 1442 847 1483 monarchia
873 1442 959 1483 sine
977 1442 1239 1493 successione,
1269 1456 1434 1496 regnum
1453 1443 1537 1484 sine
1565 1442 1656 1492 fine,
1686 1443 1804 1484 robur
1831 1445 1888 1485 in-

452 1506 669 1561 pugnabile,
694 1507 887 1548 exercitus
906 1507 1264 1548 numerosissimus.
1318 1519 1377 1548 10.
1407 1506 1472 1548 Tu
1493 1508 1597 1548 enim
1620 1521 1660 1548 es
1680 1509 1889 1562 sapientiae

452 1577 521 1622 ter,
554 1573 765 1613 creationis
794 1585 864 1626 per
891 1571 1149 1613 mediatorem
1179 1571 1299 1613 factae
1328 1571 1510 1613 conditor
1546 1579 1728 1627 tanquam
1764 1587 1888 1623 causa,

452 1635 669 1678 evidentiae
696 1636 872 1690 largitor,
901 1636 1030 1690 legum
1062 1636 1186 1687 dator,
1215 1636 1452 1690 indigentiae
1482 1636 1668 1691 expletor,
1698 1636 1800 1678 ultor
1818 1639 1889 1678 im-

452 1713 555 1742 orum
586 1709 625 1743 et
652 1702 849 1744 iustorum
878 1709 1160 1752 remunerator,
1191 1701 1335 1743 Christi
1356 1702 1464 1743 Deus
1495 1709 1533 1743 et
1553 1709 1658 1755 pater
1684 1710 1798 1756 atque
1827 1704 1888 1756 pie

453 1778 498 1820 ga
534 1779 623 1808 eum
662 1780 705 1808 se
745 1767 966 1820 gerentium
1010 1767 1220 1817 Dominus,
1265 1767 1372 1807 cuius
1411 1780 1492 1807 non
1531 1765 1623 1807 fallit
1664 1767 1887 1821 promissio,

453 1830 625 1872 metibus
652 1845 738 1873 non
767 1832 1030 1886 corrumpitur
1058 1830 1258 1881 iudicium,
1297 1831 1398 1872 nulla
1435 1832 1685 1886 persuasione
1720 1839 1889 1873 mutatur

452 1897 606 1946 mentia,
634 1910 836 1951 nunquam
868 1904 991 1937 cessat
1019 1896 1153 1951 pictam,
1182 1896 1390 1950 gratiarum
1421 1897 1523 1937 actio
1544 1910 1625 1936 non
1646 1894 1789 1947 finitur,
1820 1910 1889 1951 per

452 1973 522 2001 uem
548 1959 615 2002 tibi
643 1960 824 2003 adoratio
853 1960 1048 2015 condigna
1078 1960 1238 2003 debetur
1266 1960 1312 2001 ab
1342 1961 1453 2002 omni
1483 1960 1659 2002 rationali
1689 1968 1728 2002 et
1758 1970 1889 2003 sancta

452 2032 551 2067 atara.

513 2090 697 2132 XXXVI.
724 2090 901 2132 Domine
922 2091 1190 2145 omnipotenS‚
1216 2091 1407 2132 mundum
1435 2091 1572 2132 creasti
1599 2104 1667 2145 per
1688 2091 1887 2132 Christum

452 2153 657 2197 tsabbatum
680 2155 721 2196 in
741 2155 857 2197 huius
876 2156 931 2197 rei
949 2156 1182 2197 memoriam
1203 2156 1374 2206 sanxisti,
1403 2156 1491 2209 quia
1512 2156 1549 2196 in
1572 2169 1620 2197 eo
1641 2155 1687 2196 ab
1708 2156 1888 2209 operibus

452 2218 598 2270 [uiscere
626 2219 752 2261 fecisti
789 2219 839 2261 ad
867 2219 1163 2261 meditationem
1199 2220 1330 2273 legum
1368 2227 1534 2269 tuarum,
1577 2228 1614 2262 et
1650 2220 1770 2261 festos
1807 2220 1889 2262 dies

471 2453 493 2486 9.
518 2443 660 2487 ἀόρατος
693 2448 737 2488 τῇ
769 2442 876 2487 φύσει
907 2470 915 2479 .
945 2471 953 2479 .
983 2470 991 2479 .
1020 2457 1062 2480 ου
1095 2443 1114 2488 ἢ
1182 2445 1324 2479 medium
1359 2446 1501 2479 alienum
1536 2456 1554 2478 a
1583 2446 1758 2479 divinitate.
1804 2446 1890 2479 Infra

453 2500 541 2538 σὸσις
572 2495 737 2543 ἄναρχος]
778 2499 888 2532 Verba
927 2504 1116 2543 repetuntur
1181 2499 1267 2540 VIII,
1296 2508 1343 2539 12,
1375 2509 1392 2542 7
1423 2499 1574 2543 legimus,
1609 2505 1734 2543 patrem
1765 2497 1889 2541 ἅμεσι-

452 2548 502 2591 ῘῙΠ,
520 2562 546 2594 5,
568 2563 599 2594 ι;
623 2563 671 2594 12,
694 2563 724 2596 7.
750 2572 791 2577 —
815 2550 1052 2595 ἆμεσίτευτον
1073 2550 1114 2586 τὸ
1179 2550 1314 2592 τεύτως
1336 2554 1490 2597 genuisse
1512 2553 1624 2586 filium.

452 2601 533 2649 brev]
543 2607 653 2648 Verba,
665 2618 741 2641 cum
759 2607 909 2652 protinus
923 2618 952 2640 v.
963 2617 1003 2641 10
1013 2607 1112 2640 dicat:
1223 2607 1375 2641 XXXVI.
1395 2606 1581 2650 Προσευχὴ
1599 2604 1890 2651 ὑπομιμνήσκου-

452 2659 677 2705 Νημιουογίας
697 2665 762 2704 τῆς
785 2659 844 2695 διὰ
867 2662 1017 2702 μεσίτου
1039 2662 1112 2695 κτί-
1179 2672 1224 2695 σα
1240 2659 1305 2704 τὴν
1322 2662 1519 2704 γενομένην
1535 2663 1693 2704 Χριστοῦ
1708 2659 1890 2704 ἐνανθρώ-

452 2721 515 2755 W,
532 2714 677 2749 denotare
694 2714 857 2755 videntur,
872 2714 947 2748 Deo
962 2714 1001 2748 ad
1019 2725 1113 2748 mun·
1179 2727 1288 2758 πησιν
1314 2717 1375 2749 καὶ
1398 2714 1462 2758 τὴν
1485 2715 1537 2755 εἰς
1558 2714 1641 2755 τοὺς
1664 2712 1788 2759 ἁγίους
1815 2714 1890 2750 διά-

452 2763 500 2800 hn
526 2769 686 2804 creandum
718 2779 787 2803 non
823 2768 994 2802 materiam
1030 2779 1113 2813 opus
1180 2781 1294 2812 φορον
1304 2767 1485 2811 πρόνοιαν.
1499 2770 1615 2803 Oratio
1626 2780 1890 2804 commemorans

452 2817 528 2861 lise,
546 2828 577 2856 ut
596 2822 799 2857 Consfitutor
822 2823 865 2864 V,
889 2832 917 2866 7,
944 2823 982 2856 18
1006 2822 1113 2863 docet,
1181 2823 1438 2856 incarnationem
1463 2823 1585 2857 Christi
1610 2830 1642 2857 et
1666 2825 1787 2857 variam
1812 2835 1889 2868 erga

453 2872 484 2906 rel
499 2874 562 2909 Deo
580 2877 617 2911 ad
638 2878 814 2912 creandum
843 2887 911 2911 non
933 2887 1016 2922 opus
1040 2887 1114 2910 esse
1180 2883 1311 2910 sanctos
1336 2877 1586 2920 providentiam.

493 2929 591 2972 Fun,
611 2933 735 2967 Diua-sc.
760 2943 800 2966 ετ
824 2932 972 2966 Coum-r.
995 2942 1046 2965 ΑΡ.
1092 2933 1114 2966 1.
1719 2936 1760 2965 2⁸3

1933 740 1954 771 5

1915 1064 1955 1094 10

1915 1387 1953 1417 15

1911 1710 1955 1740 20

1911 2033 1954 2064 25
