2457 3436
828 390 1146 422 consriwrionas
1173 391 1453 423 mosi-omnum.
1750 383 1890 426 XXXI

392 484 459 528 fol.
493 499 664 541 1-143,
694 486 912 529 succedunt
940 487 1120 541 Epitimia
1155 488 1284 530 Basilii
1313 496 1353 531 et
1372 489 1578 531 Theodori
1595 489 1783 542 studitae,
1814 491 1887 533 Ca-

394 551 511 605 pitula
545 551 751 594 Timothei
790 551 1062 602 Alexandrini,
1107 553 1311 608 Hippolyti
1351 568 1395 595 ac
1436 555 1633 596 Dorothei
1680 563 1798 598 notae
1837 557 1887 599 de

399 615 679 670 praedicatione
707 631 751 659 ac
772 624 903 659 morte
931 616 1209 671 discipulorum
1241 619 1404 661 Domini
1433 620 1644 673 impressae
1671 621 1711 661 in
1741 635 1887 676 appen-

405 680 487 722 dice
510 681 689 724 editionis
717 681 980 735 Lagardianae
1008 697 1045 736 p.
1067 683 1296 738 282-284.
1353 684 1582 726 canonibus
1610 685 1883 740 apostolorum

409 746 552 801 insuper
586 746 674 802 (fol.
715 747 981 802 138⁵—139⁸)
1015 748 1253 802 praemissus
1292 756 1351 791 est
1378 745 1497 801 Ὅρος
1534 751 1756 799 κανονικὸς
1794 758 1886 794 τῶν

413 808 527 864 ἁγίων
550 808 807 854 ἀποστόλων.
866 812 1182 855 Constitutiones
1202 813 1307 868 ipsae
1327 828 1409 855 non
1441 821 1532 856 sunt
1550 815 1736 869 integrae.
1787 816 1885 858 Inde

416 890 437 916 a
457 876 544 918 libro
559 877 729 931 septimo
747 876 882 919 medio
903 877 1023 919 multa
1042 877 1193 919 desunt.
1249 878 1441 919 Librarius
1469 892 1605 933 preces
1624 892 1739 934 atque
1761 895 1884 934 pauca

346 932 350 993 Ι
420 940 479 981 alia
509 942 778 995 praetermisit,
818 942 966 983 scilicet
996 942 1087 992 vll,
1133 944 1314 995 26—-39,
1357 956 1540 997 47-493
1589 944 1698 995 VIII,
1741 959 1884 998 1-15,

425 1017 573 1059 29-313
611 1018 674 1060 34,
711 1007 841 1060 8—41
885 1007 990 1062 (non
1023 1007 1151 1049 solum
1187 1020 1250 1061 34,
1280 1008 1429 1060 8—-39,
1472 1015 1514 1050 ut
1550 1007 1598 1050 ad
1627 1008 1733 1060 VIII,
1765 1022 1829 1064 34,
1859 1012 1883 1053 8

424 1077 571 1112 notatum
600 1070 701 1126 est);
729 1073 796 1125 46,
827 1074 978 1123 2-163
1009 1071 1195 1114 Canones
1224 1072 1494 1126 apostolorum
1526 1085 1673 1126 7—11‚
1712 1075 1883 1126 18—20,

427 1137 567 1189 26-27,
586 1149 757 1190 30-312
775 1149 839 1190 34,
857 1138 1089 1191 36-43‚45
1103 1150 1217 1191 -472
1239 1138 1414 1190 58—60‚
1433 1139 1499 1191 64,
1516 1150 1882 1194 70—71‚74-75‚

428 1201 567 1254 81-83,
587 1202 649 1254 85.
682 1201 887 1243 Sectiones
905 1209 1089 1257 tanquam
1107 1216 1179 1256 pro
1199 1203 1349 1245 ratione
1368 1202 1453 1244 libri
1473 1202 1689 1256 superfluae
1710 1204 1883 1246 omissae

428 1273 506 1307 sunt.
548 1266 682 1309 Codex
712 1268 842 1308 minus
870 1267 1075 1321 diligenter
1104 1275 1290 1319 exaratus,
1307 1274 1378 1309 est.
1427 1268 1470 1309 In
1498 1275 1661 1309 accentu
1690 1268 1882 1321 ponendo

430 1328 566 1372 librarius
605 1345 721 1386 saepe
761 1333 920 1383 erravit,
957 1333 1176 1374 itacismum
1222 1339 1378 1374 secutus
1418 1333 1538 1374 multa
1576 1331 1670 1374 false
1707 1334 1881 1387 scripsit3

431 1409 449 1434 v
468 1395 734 1445 ἐφελκυστικὸν
761 1404 852 1439 ante
880 1404 1145 1439 consonantes
1174 1397 1415 1452 plerumque,
1444 1412 1729 1452 nonnunquam
1760 1399 1875 1440 etiam

432 1467 498 1501 ante
520 1461 663 1503 vocales
692 1463 845 1514 omisit;
873 1478 888 1503 ι
908 1462 946 1503 in
964 1476 1053 1503 casu
1074 1461 1206 1504 dativo
1235 1470 1275 1504 et
1293 1462 1382 1503 alias
1402 1477 1518 1517 saepe
1536 1462 1748 1517 adscripsit,
1766 1477 1880 1504 num-

432 1538 518 1578 quam
542 1540 633 1568 vero
661 1527 900 1582 subscripsit.
956 1527 1096 1569 Manus
1124 1541 1261 1569 recens
1298 1527 1476 1570 codicem
1520 1528 1660 1582 passim
1698 1529 1879 1580 correxit,

433 1592 618 1642 praesertim
646 1607 671 1632 ν
698 1591 1005 1643 ἐφελκυστικόν,
1034 1592 1097 1634 ubi
1126 1593 1319 1634 omissum
1347 1592 1481 1643 fuerat,
1510 1600 1600 1634 ante
1623 1592 1778 1634 vocales
1807 1607 1879 1648 po-

434 1655 497 1695 suit.
542 1656 639 1698 Inter
667 1656 840 1698 editores
868 1656 1206 1699 Constitutionum
1236 1658 1383 1712 primus
1405 1656 1579 1712 Lagarde
1608 1657 1786 1699 codicem
1814 1657 1880 1698 ad·

436 1718 525 1761 hibuit
548 1728 584 1762 et
607 1720 904 1776 diligentissime
933 1722 1109 1764 contulit.
1148 1723 1275 1764 Notas
1304 1721 1352 1764 de
1372 1722 1558 1777 apostolis
1578 1736 1691 1776 supra
1711 1721 1879 1765 laudatas

436 1782 506 1825 infra
526 1786 652 1837 reddo,
680 1794 722 1828 et
750 1787 910 1842 quidem
939 1787 1046 1838 tales,
1074 1787 1205 1842 quales
1235 1787 1360 1829 codex
1389 1787 1516 1836 tradit,
1545 1787 1618 1828 nisi
1646 1786 1753 1842 quod
1782 1787 1878 1841 sigla

436 1848 518 1891 solvo
540 1859 575 1892 et
599 1865 670 1905 pro
699 1864 724 1893 σ
755 1853 796 1892 in
826 1851 904 1894 fine
933 1852 1211 1894 vocabulorum
1242 1866 1351 1906 pono
1381 1869 1414 1903 ς,
1444 1860 1486 1894 ut
1513 1852 1636 1894 lector
1664 1853 1875 1906 imaginem
1911 1864 1922 1872 ·

436 1912 496 1954 libri
517 1918 783 1958 accuratiorem
813 1918 1004 1971 accipiat.1

515 1987 737 2027 ““1ππολῦτου
762 1989 963 2027 ἐπισκόπου
985 1991 1123 2037 ῥώμης·
1152 1995 1213 2027 καὶ
1242 1994 1432 2036 δωροθέου
1460 1989 1660 2027 ἐπισκόπου
1688 1989 1797 2035 τὺρου
1818 1994 1881 2027 καὶ

436 2041 661 2089 ὶερομᾰρτυρος·
687 2046 780 2089 περῒ
791 2049 863 2081 τῶν
878 2050 1054 2090 μαθητῶν
1071 2050 1135 2083 τοῦ
1151 2049 1291 2090 κυρΙου,
1315 2042 1406 2082 ὅπου
1424 2045 1575 2086 ἕκαστος
1590 2044 1709 2081 αὐτῶν
1728 2044 1878 2089 ἐκήρυξε

434 2095 463 2130 τὸ
479 2095 664 2143 εὐαγγέλιον
687 2104 754 2135 τοῦ
774 2104 936 2144 χριστοῦ,
960 2103 1022 2135 καὶ
1046 2099 1242 2145 ἐτελειώθη
1268 2113 1294 2135 ·:·

509 2157 537 2187 ᾶ.
558 2154 705 2198 Πέτρος·
722 2148 829 2194 οὗτος
846 2153 1019 2198 ἐκήρυξεν
1034 2155 1073 2190 ἐν
1091 2157 1269 2199 γαλΐλαιάι
1286 2157 1348 2189 καὶ
1364 2154 1403 2189 ἐν
1419 2161 1492 2193 τοῖς
1506 2156 1715 2197 μεσογείοις
1729 2151 1879 2189 πόντου·

429 2207 473 2238 καὶ
490 2205 658 2250 γαλόταις·
687 2210 751 2243 καὶ
780 2206 904 2249 α’σΙας·
933 2211 995 2243 καὶ
1021 2211 1207 2252 βιθυνίας·
1238 2211 1299 2243 καὶ
1323 2207 1445 2253 ῥώμης
1470 2206 1560 2244 ἔνθα
1583 2210 1642 2242 καὶ
1666 2205 1879 2252 ἐσταυρώθη

425 2256 477 2293 ὑπὸ
493 2260 640 2305 α’γρίππα
663 2262 883 2307 πρεφέκτου.
927 2263 967 2298 ἐν
984 2261 1126 2308 χρόνοις
1148 2264 1303 2307 νέρωνος
1324 2263 1505 2307 βασιλέως
1526 2263 1698 2307 ῥωμαῖων
1724 2274 1751 2296 ·:-

504 2309 537 2360 ρῗ
565 2319 720 2357 Παῦλος·
749 2311 854 2357 οὗτος
876 2315 1049 2361 ἐκήρυξεν
1072 2315 1144 2352 α’πὸ
1168 2318 1387 2361 ὶερουσα).ημ
1411 2316 1480 2357 ἕως
1500 2321 1565 2352 τοῦ
1590 2316 1788 2357 ἰλλυρικοῦ·
1818 2318 1881 2350 καὶ

416 2369 543 2410 ι’ταλιάς·
563 2373 620 2406 καὶ
644 2372 829 2411 ἰσπανίας·
851 2371 951 2416 μέχρι
976 2370 1110 2416 ῥώμης,
1135 2370 1224 2406 ἔνθα
1248 2374 1310 2406 καὶ
1324 2369 1389 2415 τὴν
1404 2369 1565 2414 κεφαλὴν
1580 2367 1785 2413 α’πετμὴθει
1811 2367 1880 2405 &ab

412 2427 472 2457 τῶν
500 2423 642 2469 ἀσεβῶν
675 2423 876 2469 ἀρχόντων
914 2424 1067 2470 κηρύξας
1094 2425 1157 2460 τὸν
1185 2424 1335 2469 εὖοεβῆι
1375 2427 1493 2460 πίστιν
1533 2429 1589 2468 τῆι
1625 2421 1878 2468 ἀνθρωπότητι

406 2478 442 2512 ἐν
460 2476 548 2513 ἔτεσι
570 2483 620 2515 ii.
659 2477 860 2523 ἐτελειώθη
883 2480 922 2515 δὲ
942 2479 1035 2523 μετὰ
1056 2480 1202 2523 πέτρου,
1227 2479 1266 2515 ἐν
1288 2484 1343 2523 τῆι
1369 2479 1538 2524 εἰρημένη
1563 2476 1663 2513 πόλει
1689 2475 1805 2523 ῥώμηι
1833 2490 1859 2511 -;·

501 2539 533 2578 Ῡ.
553 2532 724 2578 Ἰάκωβος
747 2530 768 2568 ὅ
791 2537 855 2569 τοῦ
878 2536 1081 2578 ζεβεδαίου·
1112 2528 1217 2574 οὗτος
1245 2540 1322 2574 ταῖς
1345 2538 1384 2578 ῒβ
1408 2537 1536 2576 φυλαῖς
1565 2536 1629 2567 τοῦ
1654 2530 1780 2576 ἰσραὴλ
1804 2537 1882 2571 ταῖς

397 2588 436 2623 ἐν
455 2591 510 2632 τῆι
533 2591 744 2632 διασπορᾶι·
772 2585 1100 2632 εὐαγγελισάμενος
1122 2587 1184 2622 τὸν
1205 2586 1362 2632 χριστὸν,
1392 2586 1591 2630 ἀναιρεῖται
1615 2588 1786 2629 μαχαίρα,
1811 2580 1881 2619 ὑπὸ

395 2641 533 2685 ἢρώδου
554 2647 619 2679 τοῦ
641 2639 840 2686 τετράρχου
862 2654 890 2675 ·:·

498 2690 526 2732 3.
556 2695 719 2741 Ἰωάννης
741 2693 761 2731 ὃ
784 2694 937 2739 ἀδελφὸς
959 2695 1084 2733 αὐτοῦ·
1116 2691 1221 2734 οὗτος
1243 2700 1299 2739 τῆι
1323 2692 1417 2739 α’σῆα
1443 2692 1647 2739 κηρύσσων,
1675 2690 1745 2729 ὑπὸ
1771 2695 1878 2734 δαμε-

389 2755 511 2787 τιανοῦ
531 2751 716 2796 βασιλέως
744 2748 877 2795 ῥώμης,
906 2751 1089 2795 ἐξωρίσθη
1118 2751 1158 2786 ἐν
1185 2749 1327 2793 πάτμωι
1357 2754 1412 2794 τῆι
1446 2747 1559 2793 νήσω·
1589 2746 1679 2783 ἔνθα
1708 2748 1769 2780 καὶ
1799 2757 1883 2780 συν-

386 2803 576 2850 εγράψατο
604 2804 648 2840 τὸ
671 2804 882 2849 ἐυαγγέλιον
909 2803 1035 2840 αὐτοῦ·
1064 2804 1104 2840 ἐν
1131 2810 1206 2845 τοῖς
1231 2802 1373 2848 χρόνοις
1404 2806 1576 2848 τραϊανοῦ
1605 2797 1697 2836 ὅπου
1727 2801 1788 2834 καὶ
1818 2798 1883 2842 τὴν

381 2858 620 2904 ᾰττοκᾶλυφιν
642 2856 843 2894 ἐθεάσατο·
865 2859 973 2903 ἐτέθη
996 2859 1035 2894 δὲ
1058 2859 1097 2894 ἐν
1114 2859 1262 2902 ἐφέσωι,
1285 2856 1480 2901 μετάρσιος
1499 2853 1674 2900 γεγονώς·
1700 2851 1756 2889 διὸ
1781 2854 1843 2886 καὶ
1861 2848 1882 2887 ὃ

378 2913 491 2960 λόγος
512 2911 740 2959 κεκράτηκε·
763 2912 830 2949 σὺν
851 2918 916 2949 τῶι
939 2913 1031 2958 ἐνώχ
1054 2917 1116 2949 καὶ
1138 2911 1218 2959 ἧλΙα
1237 2912 1287 2949 ἔτι
1308 2912 1346 2948 ἐν
1361 2914 1469 2957 σαρκὶ
1488 2908 1597 2946 αὐτὸν
1614 2906 1788 2995 ὖπάἷιῖῖιν
1812 2919 1840 2940 ·:·
