2457 3436
846 278 1111 309 ΔΡοετοιοιιυι
1140 279 1220 315 vm,
1249 281 1299 317 12,
1324 280 1461 312 13—-18,
1816 269 1892 308 501

350 374 635 416 animalibus
662 375 796 429 parvis
829 388 875 416 ac
907 375 1056 429 magnis
1088 373 1286 426 refersisti,
1321 374 1420 416 hanc
1455 382 1586 416 autem
1624 374 1813 416 cicuribus
1851 389 1895 416 ac

354 434 606 481 indomitis
643 439 852 494 replevisti,
896 440 1009 481 variis
1046 439 1226 494 stirpibus
1265 439 1477 490 redemisti,
1518 439 1646 480 herbis
1683 440 1895 490 coronasti,

356 499 557 546 floribus
590 504 800 554 decorasti,
830 504 1043 546 seminibus
1071 503 1199 547 ditasti
1208 520 1220 555 ;
1269 517 1327 557 13·
1357 505 1422 559 qui
1452 505 1687 546 constituisti
1710 503 1893 558 abyssum

360 576 416 610 et
444 569 675 623 ingentem
704 568 854 610 molem
884 570 921 610 ei
940 569 1266 623 circumposuisti,
1295 576 1469 610 acervata
1498 568 1684 609 salsarum
1708 583 1893 623 aquarum

352 646 582 689 aequora,
613 648 767 689 eamque
795 635 1078 688 circumsepsisti
1094 635 1216 688 portis
1243 647 1382 675 arenae
1410 633 1663 675 tenuissimae
1670 649 1682 684 ;
1712 634 1777 688 qui
1807 647 1893 675 eam
1918 644 1938 675 5

362 698 520 741 modo
550 699 685 741 ventis
713 699 753 740 in
783 698 1026 741 altitudinem
1055 699 1252 740 montium
1281 698 1438 748 attollis,
1472 697 1597 740 modo
1625 698 1666 739 in
1695 698 1894 752 planitiem

365 765 551 815 neruis,
583 762 711 806 modo
730 765 771 805 in
799 762 974 805 furorem
998 764 1240 817 tempestatis
1268 764 1363 817 agis,
1394 762 1532 812 modo,
1561 770 1603 804 ut
1629 763 1785 816 navigio
1812 776 1895 804 cur-

509 828 747 870 sacientibus
765 829 816 870 sit
844 827 893 870 ad
913 828 1203 882 navigationem
1225 827 1357 879 facilis,
1386 829 1426 869 in
1456 827 1656 870 lenitatem
1675 828 1894 869 serenitatis

371 892 524 945 dudan
574 906 639 947 14.
669 893 735 948 qui
755 892 947 935 mundum
969 901 1141 935 creatum
1160 907 1183 934 a
1200 901 1240 935 te
1260 907 1330 948 per
1349 892 1550 935 Christum
1578 892 1704 934 fluviis
1728 893 1893 943 cinxisti,

378 957 643 1001 torrentibus
663 957 852 1012 proluisti‚
883 957 1117 1013 perennibus
1136 956 1307 1000 fontibus
1326 956 1528 1012 perfudisti
1556 965 1594 999 et
1616 957 1664 999 ad
1692 965 1817 1000 terrae
1838 958 1894 998 in·
1919 966 1961 997 10

381 1037 635 1066 concussam
656 1037 700 1064 ac
719 1022 982 1064 firmissimam
999 1022 1133 1064 sedem
1151 1022 1351 1064 montibus
1367 1022 1645 1064 constrinxisti.
1678 1034 1737 1074 15.
1753 1022 1894 1077 Imple-

383 1089 481 1131 visti
502 1088 615 1131 enim
635 1086 828 1129 mundum
846 1095 956 1129 tuum
976 1101 1020 1129 ac
1047 1089 1242 1129 exornasti
1266 1087 1395 1129 herbis
1417 1087 1591 1129 odoratis
1610 1094 1648 1129 et
1668 1087 1893 1138 salubribus,

386 1153 531 1195 multis
561 1153 755 1208 variisque
782 1152 1054 1203 animantibus,
1091 1152 1260 1194 robustis
1288 1166 1332 1194 ac
1361 1151 1654 1203 infirmioribus,
1684 1151 1892 1194 esculentis

389 1231 437 1259 ac
455 1218 665 1271 operariis,
693 1217 885 1259 cicuribus
914 1231 959 1259 ac
978 1216 1081 1267 feris,
1108 1225 1334 1271 serpentum
1361 1216 1492 1267 sibilis,
1523 1217 1760 1258 diversarum
1783 1217 1892 1258 volu·

393 1296 506 1324 crum
540 1281 802 1337 clangoribus,
831 1295 1026 1324 annorum
1047 1281 1210 1332 circulis,
1239 1282 1435 1323 mensium
1463 1295 1506 1323 ac
1528 1281 1678 1323 dierum
1701 1283 1889 1331 numeris,
1918 1292 1958 1322 15

395 1354 678 1402 tempestatum
706 1348 820 1398 serie,
848 1346 1009 1388 nubium
1040 1346 1182 1388 imbres
1212 1347 1501 1402 procreantium
1522 1346 1695 1388 cursibus
1723 1346 1771 1388 ad
1791 1346 1891 1388 fruc·

399 1418 511 1454 tunm
548 1410 651 1454 fetus
687 1418 727 1454 et
754 1411 978 1453 animalium
1013 1412 1368 1461 conservationem,
1403 1411 1666 1452 libramentum
1699 1419 1892 1452 ventorum

401 1475 594 1528 flantium,
623 1490 716 1518 curn
743 1490 767 1517 a
793 1483 833 1519 te
861 1475 1052 1526 iubentur,
1082 1475 1371 1518 multitudinem
1395 1477 1573 1530 stirpium
1604 1483 1643 1517 et
1672 1475 1892 1517 herbarum.

411 1543 465 1583 16.
493 1541 634 1597 Neque
654 1541 786 1583 solum
806 1540 1014 1583 condidisti
1034 1540 1241 1591 mundum,
1269 1540 1337 1582 sed
1359 1548 1398 1582 et
1417 1541 1456 1582 in
1486 1541 1572 1594 ipso
1603 1539 1739 1582 mundi
1765 1541 1891 1582 civem

410 1605 603 1648 hominem
643 1604 806 1648 effecisti
846 1612 885 1648 et
927 1604 1062 1647 mundi
1099 1605 1290 1647 mundum
1335 1619 1425 1646 eurn
1466 1606 1722 1656 constituisti;
1765 1604 1892 1646 dixisti
1915 1615 1958 1645 20

412 1670 505 1712 enim
534 1671 746 1725 sapientiae
775 1678 884 1712 tuae:
914 1670 1115 1712 Faciamus
1141 1669 1324 1712 hominem
1351 1670 1405 1711 ad
1431 1672 1633 1724 imaginem
1662 1677 1830 1711 nostram
1859 1678 1892 1711 et

416 1735 456 1776 ad
475 1735 773 1785 similitudim,
810 1743 846 1776 et
871 1734 1107 1776 dominentur
1127 1735 1291 1790 piscibus
1323 1737 1442 1776 maris
1469 1743 1503 1778 et
1528 1734 1745 1776 volatilibus
1783 1734 1890 1776 caeli.

419 1811 466 1852 17.
493 1799 668 1856 Ideoque
687 1799 813 1842 fecisti
832 1814 923 1842 eum
954 1814 1002 1842 ex
1029 1800 1158 1842 anima
1186 1800 1397 1842 immortali
1418 1808 1457 1842 et
1476 1814 1643 1854 corpore
1667 1800 1891 1855 dissipabili,

416 1863 461 1906 illa
488 1865 650 1921 quidem
681 1879 729 1906 ex
758 1864 882 1906 nihilo
912 1864 1060 1916 effecta,
1091 1864 1168 1906 hoc
1194 1879 1291 1906 vero
1321 1879 1368 1906 ex
1397 1872 1563 1919 quatuor
1592 1864 1813 1915 elementis;
1853 1872 1891 1906 et

415 1928 535 1972 dedisti
565 1931 603 1973 ei
630 1931 672 1971 in
701 1930 832 1971 anima
865 1928 1023 1984 quidem
1053 1929 1279 1971 rationalem
1317 1929 1634 1981 diudicationem,
1670 1931 1822 1984 pietatis
1852 1937 1890 1971 et
1915 1938 1957 1969 25

414 1993 607 2050 impietatis
636 1993 933 2045 discretionem,
962 1994 1050 2036 iusti
1081 2008 1125 2035 ac
1154 1995 1284 2036 iniusti
1313 1994 1709 2046 animadversionem,
1739 1995 1778 2036 in
1804 2009 1890 2036 cor-

412 2071 492 2112 pore
519 2067 655 2102 autem
676 2058 833 2101 donasti
861 2059 1152 2113 quinquertium
1180 2073 1366 2100 sensuum
1387 2066 1503 2114 atque
1524 2068 1679 2102 motum
1711 2074 1890 2114 progres-

411 2124 536 2167 sivum.
592 2125 653 2166 18.
679 2123 746 2165 Tu
765 2137 947 2179 namque,
975 2123 1084 2165 Deus
1110 2125 1378 2179 omnipotens,
1404 2138 1473 2179 per
1493 2125 1692 2167 Christum
1715 2127 1753 2166 in
1774 2125 1889 2166 Edem

410 2189 450 2231 ad
477 2191 657 2231 orientem
680 2189 868 2244 plantasti
886 2189 1122 2243 paradisum,
1153 2190 1264 2230 omni
1295 2203 1442 2243 genere
1470 2189 1752 2231 esculentarum
1785 2189 1890 2243 plan-

409 2261 521 2296 tarum
545 2261 748 2304 ornatum,
778 2261 818 2295 et
845 2254 883 2295 in
905 2268 994 2296 eum
1015 2261 1199 2309 tanquam
1228 2255 1268 2295 in
1289 2255 1486 2309 opiparam
1508 2254 1673 2296 domum
1702 2254 1886 2296 induxisti
1911 2261 1955 2292 30

406 2365 441 2399 >
457 2362 478 2395 h
497 2364 502 2399 ῐ
523 2364 593 2405 γῆν
607 2361 631 2395 h
651 2363 655 2397 !
678 2364 718 2396 16
734 2358 944 2396 ἀσθενέσιν·
968 2360 1138 2403 ἐδιδίμοις
1155 2362 1176 2395 d
1195 2363 1201 2403 Ι
1224 2366 1262 2397 16
1285 2366 1439 2397 πτεινῶν
1453 2363 1486 2402 h,
1509 2366 1647 2396 παινιῡν
1662 2361 1682 2394 d
1702 2363 1707 2401 Ῑ
1727 2360 1891 2396 ἐνιαυτὸν

403 2426 428 2456 a,
448 2426 521 2449 corr
542 2418 603 2454 2²!
626 2418 667 2450 18
690 2417 867 2457 σταθμῶν
889 2415 910 2449 d
935 2416 942 2457 Ι
968 2418 1008 2450 19
1031 2410 1119 2450 ὅταν
1138 2416 1161 2449 11
1188 2419 1192 2457 1
1218 2419 1261 2450 22
1283 2413 1436 2459 ποιήσας
1459 2416 1479 2449 d
1504 2418 1509 2457 Ι
1534 2413 1645 2450 αὐτὸν
1667 2420 1710 2454 >
1735 2416 1756 2448 h
1779 2426 1813 2448 m
1838 2427 1857 2447 v
1883 2419 1887 2458 1

403 2472 442 2512 σῇ
463 2475 506 2509 >
529 2470 552 2502 d
572 2471 578 2511 Ι
597 2471 641 2504 28
663 2465 866 2512 ποιήσομεν
887 2480 906 2502 a
906 2472 931 2532 wl
950 2473 993 2504 26
1015 2473 1088 2504 τῶν
1110 2475 1153 2509 >
1171 2470 1215 2512 d}
1236 2473 1280 2504 30
1302 2471 1364 2504 καὶ
1379 2475 1422 2510 >
1440 2471 1461 2503 d
1481 2473 1486 2510 Ι
1507 2473 1603 2504 30131
1629 2467 1890 2513 παντοκράτωρ

401 2524 420 2556 h
442 2527 548 2564 11132
570 2525 725 2566 κοσμῶν
747 2522 768 2556 d
788 2525 794 2565 Ι
812 2526 854 2558 33
876 2536 945 2558 καν
968 2535 975 2556 :
999 2525 1061 2558 καὶ
1085 2522 1169 2596 &vd

400 2591 493 2655 16
513 2620 568 2655 Cf.
591 2619 738 2654 IClem.
765 2629 814 2663 33,
836 2629 868 2660 4.
894 2630 922 2663 5.
1176 2631 1251 2664 opp.
1241 2592 1320 2654 med.
1337 2621 1434 2654 Dela
1448 2593 1565 2659 RueI
1583 2621 1679 2664 861);
1702 2619 1722 2655 ὁ
1746 2618 1889 2665 ανθρω-

441 2684 488 2717 17.
510 2673 555 2709 ἐκ
577 2686 653 2708 των
676 2686 705 2708 τ.
725 2674 928 2718 στοιχείων]
950 2674 1002 2709 Cf.
1023 2674 1110 2715 v111,
1175 2687 1242 2714 πος
1269 2673 1311 2709 ἐκ
1342 2679 1407 2718 γῆς
1436 2677 1497 2709 καὶ
1532 2669 1658 2715 ὓδατος
1686 2678 1747 2710 καὶ
1778 2674 1890 2718 πυρὸς

398 2738 444 2771 34,
460 2728 491 2763 6.
526 2728 674 2773 Ps.-Ign.
689 2728 769 2761 Her.
785 2736 816 2769 4,
836 2737 865 2762 2.
897 2728 1109 2762 Adamantius
1127 2749 1135 2756 -
1175 2730 1237 2762 και
1260 2725 1366 2772 αὲρος
1381 2729 1610 2772 συνέστηκεν.
1649 2730 1804 2763 Similiter
1820 2730 1888 2763 1³⁵.-

393 2782 443 2816 De
464 2790 554 2817 recta
578 2783 612 2816 in
628 2782 743 2816 Deum
764 2780 830 2815 fide
852 2788 930 2816 sect.
946 2782 976 2815 V
999 2782 1111 2826 (Orig.
1177 2782 1315 2817 lustinus
1338 2784 1458 2827 Expos.
1482 2788 1590 2816 rectae
1613 2783 1688 2817 fidei
1711 2795 1738 2818 c.
1765 2794 1815 2817 11.
