2457 3436
647 725 670 755 ἶ)

631 1046 673 1076 10

690 349 706 385 1
720 347 765 385 12
1276 349 1594 380 consnru‘nonus

687 465 772 493 non
793 449 921 505 plures
941 445 1157 502 presbyteri
1176 444 1330 495 adsunt,
1350 443 1504 486 diaconi
1525 444 1685 487 calicem
1705 453 1887 495 sumant,
1912 445 2070 487 adstent
2087 445 2147 487 bot

690 514 830 557 ordine
871 514 1004 567 eisque
1044 511 1275 564 sanguinem
1311 509 1398 551 Iesu
1434 510 1580 552 Christi
1615 510 1783 551 Domini
1825 511 1962 553 nostri
2000 512 2147 565 porrigat

691 589 807 634 atque
826 578 883 619 lac
904 585 943 619 et
962 575 1054 617 mel.
1103 577 1166 616 26.
1192 575 1320 625 Dicat,
1340 575 1406 630 qui
1427 574 1584 617 calicem
1606 575 1688 617 dat:
1718 576 1825 626 „Hic
1846 583 1913 617 est
1932 576 2092 630 sanguis
2109 575 2147 616 Ie

693 643 840 686 Christi
859 642 1023 684 Domini
1051 641 1223 691 nostri“;
1254 648 1292 682 et
1320 640 1513 695 accipiens
1542 654 1673 682 rursus
1702 640 1970 695 respondeat:
2002 642 2147 691 „Arnen

696 721 759 761 27.
787 708 1000 761 Postquam
1033 706 1129 747 haec
1157 705 1255 747 facta
1283 713 1386 756 sunt,
1415 706 1681 761 unusquisque
1709 705 1868 747 studeat
1899 719 2028 748 omne
2049 705 2147 747 bonu

694 773 820 814 facere
840 779 879 814 et
898 772 988 813 Deo
1008 771 1162 826 placere
1181 778 1220 812 et
1238 777 1343 812 recte
1363 771 1507 821 vivere,
1532 769 1733 812 ecclesiam
1754 769 2031 825 frequentans,
2055 769 2147 812 faciei

695 837 747 888 id,
777 835 882 892 quod
904 835 1048 887 didicit,
1078 835 1335 891 progrediens
1356 835 1395 876 in
1416 835 1636 877 ministerio
1656 836 1744 877 Dei.
1796 836 1862 878 28.
1895 836 2009 878 Haec
2031 835 2146 877 brevit

695 903 806 943 vobis
834 900 1063 943 tradidimus
1093 900 1141 942 de
1169 899 1363 955 baptismo
1382 911 1520 942 sancto
1549 908 1588 942 et
1616 899 1665 942 de
1686 900 1894 942 oblatione
1913 909 2064 951 sancta,
2088 915 2147 955 pos

696 980 810 1020 quam
831 966 907 1007 iam
927 965 1098 1020 perfecte
1116 965 1258 1007 eruditi
1277 966 1370 1007 estis
1390 965 1438 1007 de
1457 966 1745 1007 resurrectione
1762 966 1893 1007 carnis
1915 973 1955 1007 et
1975 966 2026 1008 de
2042 966 2147 1020 reliqu

697 1030 881 1073 omnibus
909 1030 1125 1073 secundum
1162 1045 1218 1081 ea,
1254 1044 1353 1085 quae
1385 1031 1526 1085 scripta
1560 1037 1663 1071 sunt.
1722 1042 1786 1082 29.
1822 1029 1894 1072 Sin
1932 1039 2066 1073 autem
2092 1031 2147 1072 alii

646 1135 648 1137 ,
696 1095 905 1151 quidquam
937 1095 1067 1138 dicere
1096 1094 1222 1145 decet,
1252 1095 1460 1150 episcopus
1488 1094 1723 1149 baptismum
1744 1096 1968 1149 accepturis
1989 1095 2147 1150 diligent«

631 1370 673 1400 15

631 1716 676 1747 20

633 2039 677 2070 25

697 1161 809 1202 dicat.
869 1174 930 1214 30.
967 1161 1029 1202 Ne
1063 1161 1166 1202 sinas
1200 1173 1295 1202 vero
1329 1158 1506 1201 infideles
1540 1160 1652 1210 scire,
1692 1160 1765 1200 nisi
1807 1160 1918 1215 prius
1957 1160 2147 1215 baptismut

696 1226 928 1280 acceperint.
984 1238 1045 1279 31.
1076 1226 1150 1267 Hic
1180 1233 1239 1267 est
1266 1224 1433 1267 calculus
1462 1224 1581 1275 albus,
1612 1223 1660 1266 de
1689 1238 1768 1279 quo
1795 1225 1971 1267 Ioannes
1995 1226 2053 1267 sic
2082 1225 2147 1267 dixi

698 1291 845 1332 Nomen
874 1304 1008 1331 novum
1038 1292 1076 1331 in
1105 1305 1145 1332 eo
1170 1292 1347 1345 scriptum
1377 1297 1441 1340 cst,
1470 1289 1568 1345 quod
1584 1303 1690 1330 nemo
1706 1291 1789 1340 scit,
1817 1291 1894 1331 nisi
1918 1292 1988 1345 qui
2004 1290 2145 1331 calculu

697 1357 860 1411 accipiet.

1140 1431 1256 1473 XVII
1285 1429 1444 1486 (xum).
1475 1432 1535 1473 De
1563 1433 1742 1473 ieiunio.

758 1521 789 1550 1.
830 1507 981 1550 Viduae
1017 1515 1054 1550 et
1088 1508 1259 1560 virgines
1294 1520 1409 1560 saepe
1534 1519 1566 1547 1.
1583 1510 1713 1560 Χῆραι
1728 1508 1796 1548 καὶ
1809 1508 2020 1559 παρθένοι
2038 1511 2147 1549 arou·

699 1573 873 1614 ieiunent
913 1580 951 1614 et
994 1573 1034 1613 in
1079 1572 1239 1614 ecclesia
1281 1579 1408 1613 orent.
1474 1588 1537 1620 κις
1565 1573 1873 1626 νηστευέτωσαν
1904 1574 1976 1613 καὶ
1995 1571 2147 1625 uixdum

701 1650 736 1678 2.
778 1636 998 1692 Presbyteri
1034 1637 1210 1679 similiter
1251 1649 1288 1679 et
1325 1637 1410 1678 laici
1476 1649 1552 1678 σαν
1564 1634 1669 1689 ὑπὲρ
1680 1642 1753 1691 τῆς
1764 1637 1993 1690 ἐκκλησίας.
2023 1649 2147 1689 210⁶·

700 1704 887 1753 ieiunent,
907 1702 1065 1757 quando
1084 1701 1234 1744 volunt.
1268 1715 1302 1755 3.
1321 1702 1410 1757 Epi-
1474 1702 1651 1755 βύτεροι,
1696 1701 1801 1743 ἐπὰν
1837 1701 2079 1752 βούλοιντο,
2123 1718 2147 1743 κ

700 1781 824 1822 scopo
839 1775 969 1809 autem
987 1766 1228 1821 impossibile
1246 1775 1304 1809 est
1320 1767 1411 1808 ieiu-
1477 1769 1611 1809 λαϊκοὶ
1663 1764 1815 1820 ὁμοίως
1870 1769 2147 1821 νηστευέτωσα

700 1847 791 1875 nare
826 1834 900 1874 nisi
936 1845 985 1874 eo
1021 1831 1097 1882 die,
1134 1846 1214 1887 quo
1250 1838 1412 1873 cunctus
1481 1845 1515 1885 3.
1555 1833 1777 1880 ἐπίσκοπος
1815 1828 1868 1874 οὐ
1909 1831 2087 1874 δύναται
2123 1848 2147 1872 ν

700 1897 867 1952 populus
888 1896 1083 1939 ieiunabit.
1132 1911 1170 1950 4.
1188 1896 1272 1938 Fiet
1293 1897 1411 1947 enim,
1478 1896 1647 1946 στεύειν,
1680 1895 1756 1938 ἐὰν
1781 1896 1837 1949 μὴ
1866 1895 1936 1938 ὅτε
1965 1900 2035 1939 καὶ
2062 1902 2138 1945 ,πᾶς

700 1971 743 2004 ut
770 1963 959 2017 quispiam
996 1960 1137 2016 aliquid
1175 1961 1216 2002 in
1252 1960 1412 2003 ecclesia
1478 1960 1588 2010 λαός.
1635 1976 1672 2016 4.
1702 1960 1794 2003 ἔσθ’
1812 1959 1885 2004 ὅτε
1901 1961 1981 2015 γὰρ
2001 1964 2113 2004 θέλει
2129 1978 2147 2003 r

701 2042 857 2069 sumere
867 2027 971 2078 velit,
981 2028 1092 2081 eique
1104 2026 1343 2081 impossibile
1355 2034 1413 2068 est
1477 2034 1775 2079 προσενεγκεῖν,
1820 2028 1890 2067 καὶ
1935 2023 2146 2081 ἇρνὴσασθ

700 2106 890 2134 recusare.
922 2091 1080 2141 Quodsi
1095 2106 1237 2147 panem
1258 2091 1411 2146 frangit,
1478 2090 1530 2133 οὐ
1557 2091 1742 2133 δύναται·
1774 2090 1929 2140 κλάσας
1952 2093 1998 2133 δὲ
2025 2092 2147 2133 πάντ(

701 2171 842 2213 panem
864 2157 1032 2198 omnino
1045 2156 1225 2210 gustabit.
1257 2169 1293 2209 5.
1308 2157 1410 2198 Cum
1476 2156 1646 2210 γεύεται.

700 2231 829 2266 autem
852 2236 941 2264 eum
964 2220 1042 2263 edit
1063 2228 1102 2263 et
1120 2221 1182 2262 alii
1200 2220 1333 2264 fideles
1353 2236 1443 2263 cum
1464 2223 1564 2278 ipso,
1593 2236 1614 2263 e
1633 2235 1752 2262 manu
1773 2221 1948 2275 episcopi
1968 2222 2147 2276 particula

701 2289 810 2342 panis
824 2287 1026 2343 accipiant,
1040 2288 1264 2341 priusquam
1278 2288 1543 2342 unusquisque
1555 2300 1696 2341 panem
1712 2300 1827 2327 suum
1841 2285 1998 2341 frangit.
2014 2288 2147 2342 Namq1

700 2354 796 2395 haec
820 2352 1042 2395 benedictio
1067 2360 1138 2403 est,
1162 2366 1291 2407 neque
1313 2366 1409 2394 vero
1434 2351 1674 2403 eucharistia,
1698 2351 1799 2393 sicut
1818 2364 1963 2406 corpus
1988 2352 2147 2394 Domini

812 2455 851 2485 14
874 2427 979 2494 Apoc.
1005 2458 1034 2489 2,
1063 2459 1110 2493 17.

811 2540 865 2571 1l4
880 2537 1009 2570 adstent
1025 2557 1065 2563 —
1083 2536 1191 2570 Amen
1210 2548 1217 2568 :
1235 2546 1308 2569 cum
1323 2531 1500 2569 honestate
1513 2534 1643 2569 adstent
1657 2540 1690 2568 et
1706 2545 1782 2568 cum
1797 2535 2046 2570 moderatione:
2063 2536 2147 2580 prim*

698 2590 752 2632 qui
776 2596 865 2623 tenet
889 2601 1017 2634 aquam,
1041 2589 1213 2629 secundus,
1238 2590 1291 2633 qui
1314 2589 1374 2630 lac,
1402 2589 1526 2631 tertius,
1558 2589 1613 2633 qui
1634 2589 1756 2622 vinum.
1801 2589 1845 2623 Et
1866 2595 2015 2633 gustent,
2047 2591 2100 2634 qui
2121 2601 2147 2634 p«

699 2643 829 2685 cipient,
853 2645 893 2677 de
917 2643 1053 2688 singulis
1076 2650 1126 2678 ter
1150 2644 1280 2677 dicente
1304 2653 1356 2685 eo,
1379 2644 1435 2688 qui
1452 2643 1523 2678 dat:
1546 2644 1603 2685 „lu
1620 2643 1695 2677 Deo
1710 2648 1804 2688 patre
1826 2644 2089 2688 omnipotenti“;
2112 2644 2147 2677 di.

696 2703 818 2738 autem,
848 2699 902 2741 qui
930 2697 1065 2740 accipit:
1096 2698 1266 2739 ‚‚Amen“;
1296 2703 1350 2739 „et
1372 2697 1530 2745 Domino*
1551 2697 1625 2732 Iesu
1648 2697 1783 2732 Christo
1812 2704 1847 2732 et
1874 2698 1991 2743 spiritu
2021 2704 2134 2732 sancto

697 2756 808 2784 sancta
833 2751 1009 2792 ecclesia“;
1034 2757 1067 2785 et
1090 2751 1190 2785 dicat:
1214 2752 1376 2793 „Amen“.
1417 2751 1468 2785 Ita
1482 2751 1621 2796 singulis
1635 2751 1691 2785 fiat
1712 2751 1741 2785 L
1758 2752 1765 2794 Ι
1785 2755 1827 2787 17
1847 2755 1959 2796 χῆραι
1982 2756 2059 2788 κτλ.
2082 2765 2089 2786 :
2111 2753 2147 2786 ha

696 2805 887 2847 particulam
917 2816 1070 2849 graecam
1105 2807 1214 2839 inveni
1249 2807 1282 2839 in
1311 2805 1425 2840 codice
1455 2805 1706 2840 vindobonensi
1738 2805 1814 2841 hist.
1843 2816 1893 2850 gr.
1928 2816 1947 2850 7
1977 2807 2036 2841 fol.
2067 2816 2120 2846 εκ

701 2857 845 2902 sseolog.
871 2860 1122 2904 Quartalschrtjft
1148 2860 1226 2904 1893
1252 2871 1283 2904 p.
1307 2859 1471 2902 664--66.
