2457 3436
632 1368 671 1398 15

631 1693 674 1723 20

629 2018 671 2048 25

687 352 763 391 156
1172 355 1397 386 sincmnuu
1424 353 1695 384 ,wos‘romnnu

796 454 851 496 θ’.
874 453 919 495 Ὁ
946 455 1135 507 γοητείαν
1154 454 1223 493 καὶ
1241 453 1478 503 φαρμακίαν
1497 449 1755 503 ἐξαγορεύων
1777 449 1894 491 ἔστω
1916 446 2147 504 οἰκοιναὶνητῚ

686 522 758 575 ἔτη
785 520 837 561 κ’.

743 631 747 633 ‚
796 585 834 627 ι’.
849 583 893 626 Ὁ
913 582 1107 630 ἑκουσίως
1125 581 1329 633 φονεύσας
1345 575 1609 632 ἂφοριζέσθω
1624 581 1680 628 εἰς
1695 582 1818 628 τέλος
1834 586 1912 635 τῆς
1935 585 2051 633 ζωῆς
2063 580 2147 622 αὕτη

796 648 863 691 ια’.
895 647 939 690 Ὁ
967 644 1170 695 ἀκουσίως
1203 643 1419 698 φονεύσας,
1455 644 1560 687 ἑπτὰ
1593 644 1663 699 ἔτη
1699 646 1929 687 ἐκέλευσαν
1960 646 2003 687 οἱ
2033 658 2147 687 συνωι

646 723 667 753 5
690 716 832 756 στολοί
859 728 950 766 μου,
985 711 1066 765 ἐγώ
1095 713 1251 764 Πέτρος
1278 709 1451 751 κελεύω·
1487 709 1631 751 ἕνδεκα
1659 709 1729 764 ἔτη
1757 709 2063 765 ἀκοινώνητος
2089 711 2147 752 ἔστ

799 842 861 893 ιβ’.
888 839 928 883 Ὁ
956 841 1113 894 πόρνος
1140 840 1247 882 ἔστω
1275 838 1558 894 ἀκοινώνητος
1585 840 1656 894 ἔτη
1684 839 1801 882 ἑκτά.

799 907 863 960 ιγ’.
887 904 931 948 ‘O
957 905 1098 958 μοιχὸς
1127 905 1195 959 ἔτη
1225 905 1290 945 ιδ’.

800 970 863 1013 ιδ’.
905 972 1003 1023 Περὶ
1042 976 1132 1011 τοῖν
1165 974 1372 1023 γυναικῶν
1414 974 1502 1011 τῶν
1540 970 1890 1022 ἐκπορνευουσῶν
1932 973 2147 1022 ζωοφθορί

630 1045 670 1075 10
692 1045 838 1085 ποιεῖν,
869 1034 984 1084 ὅπως
1012 1032 1229 1086 ἀναιροῦσι
1255 1035 1307 1076 τὰ
1330 1037 1472 1089 βρέφη,
1501 1036 1635 1087 μέχρις
1653 1033 1797 1085 ἐξόδου
1820 1039 1962 1088 ψυχῆς
1980 1035 2040 1089 μὴ
2059 1051 2147 1077 κοινκ

694 1110 793 1152 νεῖν,
812 1097 955 1149 αὐταῖς
968 1100 1371 1153 φιλανθρωπότερον
1388 1097 1574 1153 ὁρίζομεν
1587 1101 1683 1141 δέκα
1697 1098 1768 1153 ἔτη
1781 1099 1866 1150 ἔξω
1882 1104 1960 1153 τῆς
1975 1100 2147 1155 &xxxma

803 1165 862 1207 ιε’.
892 1164 1008 1219 Γυνὴ
1036 1165 1108 1206 ἐὰν
1136 1163 1340 1218 πορνεύσῃ
1369 1165 1425 1212 εἰς
1445 1165 1518 1206 δύο
1537 1160 1748 1216 ἀδελφούς,
1776 1166 1898 1217 μέχρι
1923 1165 2118 1207 θανάτου
2139 1182 2147 1217 1

693 1228 937 1283 κοινωνήσῃ.

710 1308 722 1320 “
803 1293 866 1345 ις’.
904 1292 1180 1347 Ἅδελφομιξία
1207 1294 1277 1349 ἔτη
1305 1294 1356 1334 κ’.

804 1422 866 1476 ιζ’.
899 1423 983 1477 Τὴν
1011 1423 1191 1479 ἀδελφὴν
1209 1424 1287 1478 τὴν
1307 1425 1413 1465 ἰδίαν
1432 1423 1477 1465 ἐκ
1495 1422 1652 1476 ,πατρὸς
1669 1426 1735 1464 καὶ
1754 1423 1914 1476 μητρὸς
1936 1425 2147 1476 βιασάμενι

695 1488 769 1530 ἐὰν
795 1490 1009 1541 προσέλθῃ
1035 1493 1086 1541 τῇ
1114 1491 1319 1544 μετανοίᾳ,
1348 1488 1419 1542 ἔτη
1446 1487 1503 1530 κε’
1530 1488 1583 1542 μὴ
1613 1491 1883 1529 κοινωνείτω.

806 1553 869 1607 ιη’.
902 1552 980 1608 Ίῆν
1008 1554 1114 1595 ἰδίαν
1142 1552 1302 1608 νύμφην
1329 1552 1572 1605 βιασάμενος
1599 1553 1670 1607 ἔτη
1696 1551 1765 1594 κε’.

806 1619 879 1660 ιθ’.
905 1615 945 1660 Ὁ
973 1618 1050 1672 τὴν
1075 1617 1358 1673 ἀσχημοσύνην
1377 1627 1463 1667 τοῖς
1482 1616 1646 1671 ἄρρεσιν
1665 1616 2005 1670 ἐπιδεικνύμενος
2032 1618 2102 1673 ἔτη
2127 1634 2147 1659 ιι

804 1681 853 1724 κ’.
877 1681 920 1724 Ὁ
948 1683 993 1725 ἐν
1021 1682 1185 1737 α’λόγοις
1212 1683 1288 1737 τὴν
1314 1680 1595 1738 ἀσχημοσύνην
1622 1686 1759 1725 ,ποιῶν
1787 1682 1858 1737 ἔτη
1888 1683 1957 1725 ιδ’.

804 1746 880 1789 κα’.
899 1744 992 1790 Ἐάν
1011 1763 1072 1796 τις
1091 1747 1196 1801 ἔχων
1214 1757 1386 1801 γυναῖκα
1404 1747 1559 1801 ἔφθασε
1578 1747 1682 1801 πρὸς
1700 1752 1827 1802 γῆρας
1845 1751 1916 1789 καὶ
1940 1747 2147 1802 α’λογεύετο

694 1813 829 1865 μέχρις
857 1812 1001 1864 ἐξόδου
1029 1818 1160 1866 ψυχῆς
1186 1812 1242 1866 μὴ
1271 1816 1535 1854 κοινωνείτω.

803 1877 878 1927 κβ’.
903 1875 947 1919 ‘0
973 1877 1238 1936 τυμβωρύχος
1265 1878 1318 1931 μὴ
1346 1880 1600 1920 κοινωνείτω
1626 1877 1698 1931 ἔτη
1718 1877 1777 1927 ιε’,
1807 1877 2004 1930 ἐπίορκος
2033 1878 2102 1931 ἔτη
2126 1893 2147 1919 ιε

802 2007 879 2060 κγ’.
902 2005 946 2048 ‘O
973 2007 1016 2058 ἐξ
1042 2005 1220 2061 ἀνάγκης
1247 2009 1315 2049 καὶ
1342 2010 1431 2058 βίας
1459 2006 1704 2061 ἐπιορκήσας
1731 2006 1803 2060 ἔτη
1823 2005 1929 2048 ἑπτὰ
1956 2007 2013 2061 μὴ
2041 2022 2147 2049 κοινα

695 2074 829 2112 νεὶτω.

800 2159 822 2191 9
843 2159 927 2201 περὶ
952 2161 990 2199 -Ι-
1015 2162 1079 2193 tofi
1102 2159 1128 2191 P
1146 2159 1152 2199 Ι
1172 2162 1214 2193 24
1237 2155 1257 2193 ὁ
1281 2171 1288 2191 :
1312 2156 1377 2193 ἐάν
1398 2171 1450 2199 τις
1472 2159 1521 2202 Pi
1542 2162 1583 2193 25
1607 2157 1817 2201 ἐπιορκίσας
1839 2158 1865 2191 Ρ

736 2233 783 2266 lx
801 2231 880 2277 (θ’).
904 2233 1040 2267 Basilius
1058 2245 1086 2268 c.
1104 2234 1155 2277 65,
1179 2245 1277 2279 quem
1294 2242 1408 2269 auctor

695 2288 735 2322 de
752 2288 878 2333 reliquo
896 2289 1056 2330 exscribit,
1075 2289 1236 2323 decernit:
1259 2287 1322 2324 τὸν
1342 2292 1406 2324 τοῦ

694 2342 837 2385 φονέως
856 2341 988 2386 χρόνον
1011 2340 1324 2386 ἐξομολογήσεται.

739 2397 769 2429 Χ
793 2394 859 2439 (ι’).
888 2397 1042 2430 Similiter
1064 2397 1210 2442 synodus
1232 2398 1406 2442 Ancyrana

697 2459 758 2493 3¹4
788 2461 816 2484 c.
841 2460 891 2485 22.
938 2450 1073 2485 Basilius
1106 2463 1133 2485 c.
1160 2451 1200 2493 56
1221 2451 1406 2485 homicidae

693 2504 878 2538 voluntario
901 2505 1133 2548 paenitentiam
1157 2515 1316 2538 annorum
1343 2505 1406 2539 XX

693 2558 844 2602 imponit.
890 2558 942 2592 Cf.
967 2560 1121 2593 Canones
1143 2566 1249 2603 apost.
1274 2570 1300 2593 c.
1325 2559 1378 2593 66.

736 2611 783 2645 XI
795 2610 886 2655 (ια’).
899 2613 1050 2658 Synodus
1058 2614 1230 2658 Ancyram
1240 2624 1267 2647 c.
1282 2622 1319 2656 23
1329 2614 1404 2657 (22)

692 2665 733 2698 de
767 2666 889 2699 duabus
924 2667 1046 2711 regulis
1081 2668 1232 2712 loquitur,
1268 2678 1402 2711 quarum

690 2720 778 2762 prior
800 2730 918 2754 necem
938 2721 1189 2755 involuntariam
1205 2722 1403 2766 paenitentia

689 2783 850 2807 annorum
888 2775 958 2814 vn,
1005 2776 1168 2819 posterior
1205 2776 1402 2820 paenitentia

1473 2245 1630 2269 annorum
1653 2235 1684 2267 V
1713 2234 1879 2267 multabat.
1924 2233 2063 2267 Basilius
2093 2244 2119 2267 c.
2142 2242 2147 2275 2

1472 2289 1616 2322 decernit
1631 2298 1736 2322 annos
1748 2288 1789 2329 X,
1801 2298 1830 2321 c.
1846 2298 1859 2321 1
1869 2298 1881 2321 ι
1900 2293 2016 2322 autem
2030 2298 2147 2333 aeque:

1472 2353 1580 2377 canon
1593 2347 1706 2376 noster
1721 2352 1826 2376 annos
1841 2342 1899 2375 xl.
1931 2342 2061 2376 Auctor
2074 2347 2145 2375 nost

1473 2397 1611 2431 fortasse
1622 2397 1770 2440 regulam
1778 2396 1868 2429 illam
1878 2396 2025 2440 priorem
2035 2406 2147 2440 respex

1472 2451 1531 2485 sed
1548 2452 1646 2485 etiam
1669 2450 1903 2496 paenitentiam
1921 2450 2085 2484 maiorem
2105 2450 2147 2483 de

1471 2505 1562 2539 nivit.
1613 2504 1795 2548 Apostolos
1825 2504 2001 2549 loquentes
2028 2504 2147 2537 induce

1472 2559 1734 2593 Constitutiones
1757 2558 1987 2602 apostolorum
2011 2558 2147 2591 imitatur

1514 2613 1576 2647 XII
1610 2610 1704 2657 (ιβ’).
1738 2613 1887 2646 Eandem
1920 2612 2119 2646 sententiam

1471 2668 1593 2702 eisdem
1617 2666 1686 2701 fere
1709 2667 1817 2700 verbis
1841 2666 2031 2711 pronuntiat
2049 2666 2147 2700 Basili*

1470 2733 1498 2756 c.
1517 2731 1572 2766 593
1594 2722 1696 2755 modo
1718 2721 1954 2765 paenitentiam
1978 2721 2080 2754 etiam
2103 2721 2147 2753 int

1469 2775 1614 2820 singulas
1640 2776 1796 2809 stationes
1821 2774 1943 2808 definit.

1238 2872 1630 2908 —ffi—
