2457 3436
710 368 978 399 Arosrommm
1004 370 1068 404 vu,
1093 370 1123 407 3,
1149 371 1295 407 1-4‚.6.
1667 359 1747 399 393

453 466 494 506 ia
513 466 658 506 viscera
677 466 776 515 eius;
804 472 844 506 et
862 465 1034 506 Ananias
1059 472 1174 520 atque
1193 464 1378 519 Sapphira
1403 479 1503 506 uxor
1523 466 1618 516 eius,
1648 479 1745 520 quo-

453 530 537 584 pria
558 529 661 571 bona
681 537 885 584 rapuerant
904 537 942 572 et
960 537 1203 571 tentaverant
1225 521 1402 584 spiritum
1419 530 1595 580 Domini,
1613 531 1743 572 statim

476 594 579 636 Petri
608 594 825 649 coapostoli
854 595 978 636 nostri
1007 603 1137 636 morte
1166 595 1315 637 multati
1345 594 1512 637 fuerunt.

466 659 559 700 Non
588 659 798 701 incantabis
835 674 963 714 neque
992 661 1127 701 vinum
1157 659 1355 710 miscebis3
1389 660 1441 701 ait
1470 660 1594 701 enim:
1630 660 1744 701 Vene-

459 725 587 765 sinetis
604 725 741 765 vivere.
790 736 826 765 2.
855 724 950 765 Non
971 723 1179 766 interficies
1199 723 1320 766 filium
1340 732 1451 766 tuum
1478 725 1516 765 in
1537 724 1742 766 abortione

452 789 617 830 lterimes
652 788 840 831 infantem
876 797 1031 840 natum;
1070 803 1191 830 omne
1230 791 1336 831 enim
1370 788 1595 841 formatum,
1636 789 1743 844 quod

452 868 467 894 ι
486 854 577 895 Deo
596 855 756 908 accepit,
785 855 817 896 si
838 855 1062 907 perimatur,
1093 854 1360 905 vindicabitur,
1389 862 1527 910 utpote
1555 855 1743 896 iniustum

504 931 539 971 3.
573 918 664 968 Non
696 920 935 974 concupisces,
970 932 1065 974 quae
1096 927 1182 960 sunt
1211 921 1378 973 proximi
1409 921 1478 970 tui,
1513 927 1554 961 ut
1589 933 1742 960 uxorem

452 997 498 1023 zm
527 992 594 1023 aut
613 983 737 1025 bovem
767 992 835 1025 aut
854 998 1003 1038 agrum.
1051 999 1090 1037 4.
1119 984 1209 1025 Non
1230 984 1439 1039 peierabis;
1466 983 1614 1027 dictum
1635 985 1742 1025 enim

479 1048 623 1090 iurabis
651 1050 821 1098 omnino;
848 1050 906 1090 sin
927 1051 1071 1100 minus,
1099 1049 1235 1091 saltem
1256 1049 1319 1103 pie
1347 1063 1391 1090 ac
1410 1063 1502 1091 vere
1531 1050 1624 1100 iura,
1653 1050 1741 1104 quia

453 1128 474 1153 r
493 1114 623 1162 onmis,
651 1115 718 1168 qui
732 1115 834 1154 iurat
854 1115 892 1154 in
911 1128 963 1155 eo.
1014 1126 1049 1167 5.
1080 1114 1170 1155 Non
1188 1114 1284 1155 dices
1302 1114 1455 1168 salsum
1481 1115 1740 1164 testimonium,

474 1179 541 1233 qui
566 1178 824 1219 calumniatur
850 1186 1065 1233 pauperem,
1096 1179 1241 1220 lacessit
1269 1193 1365 1229 eum,
1399 1180 1464 1234 qui
1496 1179 1606 1220 illum
1636 1180 1740 1232 fecit.

465 1243 561 1284 Non
590 1243 816 1284 maledices:
851 1243 914 1285 Ne
941 1243 1080 1298 diligas
1108 1245 1228 1294 enim,
1263 1245 1398 1299 inquit,
1436 1244 1668 1293 maledicere,
1697 1259 1742 1285 ne

458 1322 587 1362 neque
624 1308 888 1350 recordaberis
924 1309 1084 1350 iniuriae
1117 1317 1316 1362 acceptae3
1344 1310 1430 1350 viae
1464 1310 1568 1350 enim
1602 1323 1740 1359 eorum,

452 1387 520 1413 »res
542 1380 628 1413 sunt
656 1374 898 1423 iniuriarum,
926 1373 978 1414 ad
1003 1382 1157 1414 mortem
1176 1374 1327 1414 ducunt.
1377 1386 1413 1414 2.
1443 1374 1538 1415 Non
1568 1375 1643 1415 eris
1673 1373 1741 1415 du-

452 1439 606 1479 itentiae
642 1452 770 1493 neque
805 1438 967 1492 duplicis
1001 1438 1173 1492 linguae3
1209 1438 1363 1493 laqueus
1391 1440 1486 1479 enim
1507 1440 1625 1493 fortis
1659 1440 1741 1479 viro

452 1502 548 1552 abia,
577 1510 617 1543 et
644 1503 705 1543 vir
734 1502 925 1556 linguosus
951 1517 1024 1544 non
1046 1503 1229 1557 dirigetur
1257 1505 1295 1544 in
1324 1511 1439 1544 terra.
1492 1516 1525 1556 3.
1554 1503 1648 1544 Non
1670 1504 1740 1545 erit

452 1581 508 1608 xus
542 1581 683 1618 vanus;
717 1567 761 1608 de
794 1569 896 1608 omni
929 1568 1034 1608 enim
1068 1568 1179 1608 verbo
1212 1570 1323 1609 otioso
1355 1568 1511 1609 reddetis
1546 1570 1739 1609 rationem.

452 1633 645 1673 mentieris:
677 1632 813 1673 Perdes
840 1633 960 1683 enim,
988 1633 1125 1687 inquit,
1153 1646 1288 1682 omnes,
1317 1634 1382 1687 qui
1409 1633 1609 1687 loquuntur
1637 1647 1739 1673 men-

473 1709 508 1749 5.
543 1697 637 1738 Non
676 1697 749 1738 eris
783 1696 979 1739 fraudator
1014 1712 1141 1753 neque
1175 1711 1307 1751 rapax:
1343 1698 1419 1738 Vae
1447 1699 1566 1748 enirn,
1602 1698 1739 1752 inquit,

453 1763 625 1802 vxinmm
644 1762 814 1816 fraudat
832 1762 979 1817 fraude
999 1763 1116 1804 mala.
1166 1765 1202 1804 6.
1234 1762 1327 1803 Non
1350 1764 1423 1803 eris
1444 1762 1659 1817 hypocrita,
1689 1776 1740 1803 ne

452 1840 525 1867 tam
554 1841 639 1867 cum
668 1828 719 1867 eis
741 1835 871 1881 ponas.

452 1956 478 1978 τι
509 1957 516 1977 :
546 1950 590 1984 >
614 1946 645 1985 b,
683 1949 719 1986 -l-
746 1945 942 1988 γέγραπται
964 1946 985 1978 d
1008 1956 1027 1979 e
1057 1949 1062 1986 Ι
1096 1950 1134 1981 11
1161 1950 1313 1990 ψευδομ.
1337 1958 1344 1979 :
1369 1944 1654 1989 συκοφαντήσεις
1676 1947 1696 1979 b
1720 1946 1740 1979 d

457 2013 467 2031 ι
491 1995 512 2032 ὃ
537 2010 544 2032 :
569 1995 591 2032 ὃ
615 1997 685 2041 γὰρ
707 1999 729 2032 h
750 2004 753 2039 Ι
776 2004 816 2034 13
838 2003 1055 2043 κακολογεῖν
1077 2011 1094 2033 a
1119 2001 1138 2032 b
1162 2010 1182 2043 p
1207 2012 1214 2032 :
1239 2003 1453 2034 καταλαλεῖν
1468 2001 1488 2033 d
1505 2011 1523 2033 e
1539 2000 1560 2034 h
1578 2013 1597 2034 v
1616 2000 1706 2034 LXX
1732 2002 1736 2044 Ι

452 2053 477 2087 tz-
499 2054 530 2093 d,
553 2057 599 2092 >
624 2054 644 2086 b
671 2055 675 2093 ἐ
700 2051 814 2096 α’ργοῦ
838 2051 949 2096 λόγου
971 2054 993 2087 h
1019 2059 1022 2095 Ι
1048 2052 1178 2093 δώσεις
1201 2057 1250 2088 τῶ
1277 2058 1354 2088 9εῶ
1377 2052 1486 2097 λόγον
1509 2055 1531 2088 d
1556 2058 1560 2096 Ι
1589 2059 1628 2090 19
1651 2058 1739 2099 φησὶ

452 2120 466 2139 V

452 2224 618 2269 γόρευσις
636 2229 815 2270 γοητείας,
838 2239 961 2262 tem-0-
1027 2239 1054 2261 c.
1071 2227 1123 2271 63,
1141 2229 1314 2272 Ancyrana
1333 2239 1360 2262 c.
1380 2238 1437 2269 εις
1460 2229 1595 2263 Basilius
1613 2241 1683 2264 can.
1703 2240 1738 2269 2:

452 2278 598 2322 ρεὺόους
630 2292 650 2324 p
683 2282 729 2323 v),
763 2281 961 2323 ἐπιορκίας,
1026 2282 1187 2326 Iosephus
1212 2282 1335 2315 Contra
1359 2283 1523 2327 Apionem
1553 2284 1590 2323 11,
1617 2283 1655 2317 16
1686 2284 1738 2316 vel

453 2337 560 2377 ὐρίας
582 2336 639 2377 (ψ.
662 2339 706 2373 >
731 2345 751 2378 p
774 2336 820 2377 v).
857 2335 960 2368 Inter·
1028 2337 1185 2369 Eusebius
1214 2336 1363 2381 Praepar.
1394 2347 1509 2381 evang.
1534 2336 1619 2376 vm,
1642 2337 1673 2376 8,
1697 2347 1735 2371 21

453 2399 565 2422 carum
581 2389 710 2428 artium,
726 2388 960 2422 intersectionis
1027 2391 1123 2423 verba
1147 2390 1279 2433 Iosephi
1303 2397 1464 2434 repetens.

453 2443 607 2485 endacii).
626 2443 765 2487 periurii,
782 2442 854 2476 salsi
868 2445 959 2476 testi·
1068 2444 1124 2477 IV.
1148 2442 1397 2487 Ἀπαγόρευοις
1419 2446 1650 2487 κακολογίας,
1672 2443 1739 2487 μή-

1029 2500 1122 2537 νιδος
1134 2500 1195 2531 καὶ
1210 2495 1321 2540 ἤθους
1334 2495 1504 2539 ὑπούλου,
1522 2495 1739 2542 α’ργολογίας

455 2552 617 2584 rationem
641 2551 775 2584 abortus
803 2558 835 2584 et
859 2562 958 2595 expo·
1026 2550 1246 2595 (ἀντιλογίας
1261 2553 1282 2586 d
1298 2563 1316 2586 e
1334 2564 1353 2596 p
1370 2554 1416 2594 v),
1441 2549 1609 2594 ψεύδους,
1631 2556 1737 2588 πλεο-

452 2605 469 2638 τΙ
487 2606 697 2639 necationem
714 2604 853 2638 filiorum
866 2617 959 2649 prae·
1027 2608 1144 2647 νεξίας
1166 2608 1222 2649 (4-
1248 2618 1286 2641 ιε
1310 2609 1372 2640 καὶ
1395 2607 1415 2639 d
1439 2607 1474 2649 e)
1502 2603 1737 2649 ὑποκρίσεως.

452 2669 491 2692 en
528 2665 562 2692 et
589 2659 756 2692 Barnabae
786 2660 959 2703 epistulam
1026 2661 1212 2694 Interdictio
1236 2661 1494 2701 maledicentiae,
1519 2661 1584 2694 irae
1607 2671 1736 2705 perma-

455 2721 591 2747 emuant
622 2713 768 2757 Epistula
796 2714 836 2747 ad
861 2714 959 2758 Diog.
1025 2715 1133 2747 nentis
1148 2725 1185 2747 ac
1199 2716 1299 2748 moris
1313 2714 1450 2755 subdoli,
1463 2715 1560 2748 otiosi
1574 2715 1737 2748 sermonis

452 2778 486 2801 us
503 2768 605 2811 Apol.
617 2768 642 2808 1,
655 2776 714 2810 27;
731 2768 959 2812 Athenagoras
1025 2769 1333 2811 (contradictionis),
1350 2765 1520 2809 mendacii,
1540 2768 1670 2810 fraudis,
1695 2770 1737 2802 si-

453 2834 470 2862 Ι;
504 2822 665 2856 Clemens
694 2822 787 2855 Alex.
819 2822 959 2865 Paedag.
1025 2823 1223 2856 mulationis.

452 2887 474 2910 ³.
500 2884 598 2919 227;·
617 2876 737 2920 synodi
764 2876 959 2909 Illiberitana
1069 2886 1099 2916 4.
1124 2877 1265 2920 Ps.-lgn.
1289 2877 1365 2911 Her.
1393 2888 1419 2919 5,
1446 2888 1473 2911 1.

1787 741 1810 773 ὃ

1768 1065 1808 1096 10

1767 1390 1807 1421 15
