2457 3436
655 366 972 398 consu-turmulis
1000 368 1267 399 Apos‘ronossuu
1294 370 1330 405 v,
1360 370 1411 408 ιι,
1433 370 1485 402 20.
1743 360 1822 401 279

452 465 472 505 ’ὶ
504 463 553 505 ἄν
583 466 648 516 τῷ
682 463 921 518 Mantum
953 463 1108 524 &rgo—Q
1111 497 1120 506 .
1182 476 1235 506 20
1269 464 1406 520 (XV).
1445 464 1713 519 παρήγγειλεν
1747 460 1821 508 οὖν

456 525 586 578 αὐτὸς
618 527 832 584 νηστεύειν
864 528 939 579 τὰς
970 528 1015 588 ἐξ
1047 527 1195 582 ἡμέρας
1220 529 1376 578 ταύτας
1412 529 1480 572 διὰ
1508 530 1586 584 τὴν
1613 534 1700 573 τῶν
1729 530 1823 573 Tov-

452 610 456 618 ’
481 595 721 645 δυσσέβειαν
738 595 809 636 καὶ
833 596 1105 648 παρανομίαν,
1132 599 1306 637 πενθεῖν
1331 590 1483 643 αὐτοὺς
1501 597 1567 637 καὶ
1598 594 1822 648 ὀδύρεσθαι

452 658 733 712 εελευσᾶμενος
771 658 839 701 ἐπὶ
875 664 928 712 τῇ
966 655 1148 715 damiete}
1182 656 1339 702 αὐτῶν·
1376 662 1444 702 καὶ
1482 660 1559 713 γὰρ
1591 662 1658 702 καὶ
1697 660 1823 709 αὐτὸς

452 732 498 772 ιτς
509 722 798 775 ἐπεδάκρυσεν,
818 722 1043 777 ἀγνοήσασι
1055 723 1132 766 τὸν
1145 724 1294 777 καιρὸν
1306 728 1379 777 τῆς
1392 725 1621 778 ἐπισκοπῆς
1631 724 1820 767 αὐτῶν’·
1844 736 1867 769 5

452 790 504 831 δα
530 790 576 830 δὲ
603 791 670 831 καὶ
699 789 964 844 παρασκευὴν
988 791 1240 842 προσέταξεν
1268 787 1362 843 ἡμῖν
1389 789 1612 844 νηστεύειν,
1638 789 1720 845 τὴν
1745 792 1821 844 μὲν

452 854 502 907 ἣν
518 855 760 906 προδοσίαν,
787 853 866 907 τὴν
894 855 937 896 ὀὶ·
955 854 1024 896 διὰ
1040 853 1093 896 τὸ
1121 853 1274 903 πάθος·
1303 852 1607 908 ἅπονηστεῦσαι
1624 855 1668 897 (ἢ
1694 866 1823 915 προσ-

452 960 559 995 ·Luc.
585 970 636 1006 19,
657 970 711 1002 41.
733 970 787 1002 44.

453 1076 456 1081 .
480 1044 685 1093 εὐαγγελίῳ
707 1058 718 1082 :
742 1050 782 1089 ἦ·
805 1043 933 1091 ἇνὰγρ.
955 1048 976 1081 b
998 1048 1021 1081 i.
1042 1059 1087 1082 m.
1117 1051 1123 1090 Ι
1154 1045 1341 1092 α’νεγρᾰφη
1364 1048 1386 1081 d
1408 1059 1427 1083 e
1450 1059 1483 1082 m
1506 1059 1528 1082 o
1552 1060 1573 1093 p
1596 1061 1616 1081 v
1646 1052 1651 1092 Ι
1684 1046 1821 1093 παρήγ-

452 1098 1822 1147 valetoedmcztoicbe0.>mp1n'1v>b143nl:&rbusfiaeaz

472 1152 595 1191 αὐταῖν
607 1160 653 1195 >
670 1155 691 1189 b
711 1157 716 1196 Ι
736 1159 757 1190 4
779 1157 841 1190 καὶ
864 1166 920 1190 sec
935 1161 981 1195 >
999 1167 1018 1189 a
1037 1159 1042 1197 l
1062 1158 1084 1191 5
1105 1153 1237 1196 αὐτοὺς
1257 1157 1278 1193 d
1299 1157 1303 1198 Ι
1323 1153 1523 1200 ἀγνοήσασα
1547 1168 1556 1191 :
1579 1154 1823 1201 ἀγνοήσαντες

452 1205 1524 1253 τι’),μῆα’γνοὴσαςδὲοΙθδὲ>1117δὲεεε>1>ο

455 1307 607 1342 editum
634 1308 690 1341 hic
712 1314 810 1351 caput
832 1308 895 1342 XV
918 1314 1044 1353 ponunt

453 1361 578 1396 ribam:
603 1363 693 1405 Περὶ
714 1365 778 1405 τῆς
798 1360 960 1406 μεγάλης
982 1360 1044 1406 ἑβ-

452 1428 495 1458 νς,
531 1418 595 1450 καὶ
629 1409 689 1449 διὰ
726 1417 764 1451 τί
794 1413 948 1459 τετράδα
982 1418 1044 1451 καὶ

452 1467 561 1513 κεινὴν
587 1469 818 1514 ἐπιτρέπουσι
846 1466 1043 1514 νηστεύειν.

452 1533 471 1557 s
501 1533 612 1568 neque
634 1530 732 1568 caput
755 1534 861 1569 neque
883 1524 1043 1569 inscripti·

452 1584 639 1622 ignoscunt,
663 1584 762 1623 caput
776 1588 917 1623 sequens
936 1578 1043 1623 potius

452 1632 603 1676 :cipiunt
641 1631 844 1667 Contextum
866 1633 1043 1677 respiciens

453 1696 507 1720 em
531 1686 630 1730 capiti
644 1685 724 1719 XIV
745 1686 900 1730 adiungo.
923 1705 964 1710 —
985 1698 1044 1722 τε·

453 1741 516 1775 καὶ
532 1740 585 1783 τι]
602 1739 655 1774 Cf.
672 1751 700 1774 c.
716 1749 769 1780 ιο,
791 1740 991 1783 16;V1123,
1007 1748 1043 1782 ις

452 1809 467 1828 ι.
479 1794 534 1839 69.
563 1794 691 1828 Horum
707 1794 835 1828 dierum
853 1794 963 1828 ieiunii
978 1795 1043 1828 iam

454 1858 474 1882 e
485 1849 518 1888 8.
534 1857 546 1881 1
567 1853 602 1881 et
618 1847 679 1881 sub
696 1848 833 1881 nomine
847 1850 1044 1888 στατίωνος

452 1913 466 1935 s
493 1901 577 1936 Sim.
608 1901 648 1941 V,
675 1912 702 1942 1,
730 1911 809 1936 1—2
839 1902 1044 1936 mentionem

452 1980 460 1990 .
474 1975 516 1984 -—
534 1956 748 1999 προδοσίαν]
764 1955 950 1990 Didascalia
965 1955 1045 1990 feria

474 2010 687 2044 ieiunandum
720 2020 796 2044 esse
827 2010 936 2050 docet,
970 2011 1044 2055 quia

453 2074 492 2097 us
521 2074 561 2097 ea
590 2064 643 2097 vel
671 2064 782 2108 potius
808 2070 907 2098 nocte
929 2064 1043 2099 feriam

452 2123 520 2151 :nte
542 2118 802 2162 comprehensus
826 2124 885 2152 est.
929 2118 1044 2153 Petrus

452 2171 525 2206 Za'n.
548 2181 601 2214 15:
625 2170 690 2215 τὴν
710 2172 781 2215 μὲν
793 2170 947 2214 τετράδα
969 2175 1043 2216 (νη-

452 2237 472 2260 ν
494 2226 776 2269 προστέτακται)
797 2224 855 2260 διὰ
876 2225 920 2261 τὸ
941 2225 1045 2270 γενό·

453 2278 681 2323 σνμβοὺλιον
696 2276 769 2315 ὑπὸ
785 2283 858 2314 τῶν
869 2278 1045 2316 Ἰουδαίων

452 2337 458 2361 ἱ
479 2336 659 2381 προδοσίᾳ
686 2337 751 2370 τοῦ
780 2337 917 2378 κυρίου.
961 2335 1043 2369 Item

453 2388 531 2422 nius
560 2388 600 2422 H.
632 2398 668 2430 5¹
702 2399 731 2422 c.
754 2387 811 2428 26;
842 2389 962 2434 Expos.
990 2389 1043 2424 fid.

452 2442 539 2476 haud
562 2443 658 2476 dubie
681 2453 700 2476 a
715 2442 899 2477 Didascalia
920 2444 1043 2488 depen-

452 2495 494 2530 cf.
511 2496 729 2530 Testimonia.
767 2497 969 2541 Augustinus
985 2497 1044 2542 Ep.

453 2561 468 2594 3
486 2560 520 2584 n.
536 2558 578 2593 30
595 2558 727 2595 quoque
744 2550 836 2586 dicit:
852 2550 920 2584 Cur
934 2557 1044 2585 autem

452 2610 485 2638 et
499 2610 592 2638 sexta
603 2605 750 2638 maxime
764 2604 885 2639 ieiunet
897 2605 1046 2644 ecclesia,

453 2659 489 2693 io
512 2659 604 2692 reddi
627 2659 767 2698 videtur,
790 2659 876 2703 quod
894 2659 1044 2693 conside·

452 2713 605 2758 vangelio
627 2713 701 2756 ipsa
725 2719 835 2754 quarta
857 2713 983 2747 sabbati
1005 2739 1013 2747 .
1038 2739 1046 2747 .

452 2778 499 2801 im
530 2768 739 2812 reperiuntur
769 2766 807 2799 ad
831 2767 1046 2800 occidendum

452 2833 505 2856 um
529 2820 653 2855 fecisse
676 2819 799 2854 ludaei.
841 2820 1048 2855 Constitutor

452 2887 477 2910 n
494 2875 598 2909 feriae
616 2880 756 2919 quartae
772 2875 811 2907 ad
829 2875 1047 2919 proditionem

1110 1308 1245 1344 Domini
1267 1308 1376 1349 refert,
1410 1319 1494 1353 quae
1522 1314 1572 1343 est
1600 1309 1717 1343 eadem
1746 1320 1821 1343 cum

1110 1362 1417 1407 comprehensione.
1454 1362 1608 1396 Similiter
1623 1364 1821 1407 posteriores

1110 1416 1178 1450 fere
1206 1426 1334 1451 omnes.
1380 1417 1504 1451 Relicta
1539 1423 1649 1451 autem
1680 1417 1821 1452 chrono-

1109 1470 1197 1514 logia
1221 1470 1425 1504 Didascaliae
1454 1471 1627 1515 explicatio
1653 1481 1722 1504 non
1751 1482 1819 1504 am-

1110 1524 1193 1568 plius
1217 1535 1349 1569 prorsus
1371 1524 1515 1569 quadrat.
1560 1524 1594 1558 Si
1622 1534 1715 1558 sacra
1740 1535 1822 1558 cena

1108 1578 1142 1612 in
1175 1588 1313 1623 vespera
1346 1577 1447 1612 feriae
1477 1579 1609 1623 quintae
1642 1577 1726 1612 facta
1762 1584 1822 1619 est.

1109 1632 1261 1676 proditio,
1294 1643 1378 1677 quae
1411 1642 1484 1666 eam
1516 1633 1721 1678 sequebatur,
1755 1642 1822 1666 non

1109 1687 1196 1730 prius
1227 1686 1297 1720 fieri
1329 1687 1444 1730 potuit.
1479 1707 1522 1712 —
1555 1683 1821 1729 α’πονηστεῦσαι

1108 1740 1198 1783 κτλ]
1219 1740 1272 1774 De
1294 1740 1417 1774 ieiunio
1438 1740 1587 1774 stationis
1610 1740 1650 1774 ad
1667 1740 1822 1773 ieiunium

1108 1793 1322 1828 hebdomadis
1351 1800 1483 1828 sanctae
1517 1793 1701 1828 transiliens
1730 1793 1821 1828 Con-

1108 1847 1240 1882 stitutor
1254 1849 1362 1881 minus
1377 1853 1524 1882 accurate
1541 1847 1627 1882 dicit.
1650 1847 1821 1888 Ieiunium,

1110 1902 1198 1946 quod
1220 1902 1261 1935 ad
1276 1901 1354 1946 galli
1377 1907 1509 1936 cantum
1532 1901 1729 1941 solvebatur,
1753 1909 1822 1936 erat

1110 1956 1266 1990 ieiunium
1289 1956 1413 1990 sabbati
1427 1957 1540 1996 sancti,
1564 1962 1597 1990 et
1619 1956 1684 1990 hoc
1707 1957 1821 1990 termi-

1109 2011 1245 2044 nabatur
1267 2010 1308 2043 ad
1329 2009 1407 2054 galli
1430 2016 1562 2044 cantum
1585 2020 1652 2044 non
1673 2016 1741 2044 tam
1758 2009 1822 2044 diei

1110 2064 1242 2108 septimi
1265 2064 1317 2098 vel
1340 2065 1475 2105 sabbati,
1504 2075 1602 2109 quam
1631 2071 1705 2108 post
1735 2064 1821 2098 diem

1109 2119 1296 2163 septimum.
1335 2118 1386 2152 Cf.
1404 2128 1432 2151 c.
1454 2119 1503 2158 18,
1520 2128 1557 2159 2;
1583 2128 1632 2163 19,
1651 2128 1681 2152 2.
1720 2119 1821 2152 Tern-

1110 2182 1171 2217 pus
1189 2181 1269 2206 vero
1285 2172 1395 2205 ieiunii
1411 2172 1572 2216 paschaiis
1588 2172 1738 2206 solvendi
1755 2183 1823 2206 non

1111 2227 1229 2271 ubique
1250 2226 1338 2260 idem
1358 2231 1437 2260 erat.
1482 2226 1636 2260 Testibus
1660 2227 1822 2271 Dionysio

1110 2281 1341 2321 Alexandrino,
1365 2280 1424 2324 Bp.
1441 2280 1482 2313 ad
1500 2280 1674 2314 Basilidern
1692 2291 1720 2314 c.
1741 2291 1767 2320 1,
1791 2286 1823 2313 et

1110 2335 1253 2368 Eusebio
1275 2334 1316 2368 ad
1331 2334 1443 2368 Ioann.
1466 2344 1517 2375 20,
1537 2344 1547 2367 1
1576 2334 1717 2377 (Catena
1742 2340 1822 2377 patr.

1111 2400 1160 2433 gr.
1182 2390 1215 2422 in
1238 2388 1270 2422 S.
1288 2388 1445 2422 Ioannem
1468 2389 1519 2422 ed.
1537 2388 1713 2422 Corderius
1741 2386 1823 2430 1630

1110 2454 1141 2488 p.
1157 2443 1239 2485 448)
1261 2443 1314 2476 alii
1329 2443 1500 2476 solvebant
1522 2443 1678 2475 ieiunium
1694 2441 1735 2474 ad
1749 2441 1822 2475 sab-

1111 2498 1176 2531 bati
1195 2497 1297 2530 sancti
1312 2506 1495 2541 vesperam,
1510 2496 1563 2529 alii
1579 2496 1664 2530 circa
1680 2495 1821 2529 mediam

1110 2557 1244 2584 noctem
1269 2556 1472 2595 sequentem,
1496 2550 1549 2583 alii
1566 2550 1729 2583 dominica
1752 2549 1823 2583 illu-

1112 2610 1266 2638 cescente
1283 2604 1379 2649 idque
1403 2604 1523 2638 tardius
1540 2604 1591 2637 vel
1607 2604 1709 2637 citius.
1748 2604 1823 2637 Mo-

1111 2669 1193 2698 rem,
1231 2668 1330 2703 quem
1363 2658 1569 2692 Constitutor
1602 2659 1821 2698 commendat,

1112 2717 1198 2746 teste
1210 2712 1372 2757 Dionysio
1388 2712 1527 2747 ecclesia
1542 2711 1692 2746 Romana
1707 2721 1821 2756 seque-

1114 2767 1216 2800 batur.
1254 2764 1450 2810 Agnoscunt
1473 2776 1549 2800 eum
1566 2777 1664 2810 porro
1681 2765 1823 2809 Epipha-

1113 2821 1186 2854 nius
1215 2820 1254 2854 H.
1283 2830 1320 2862 75
1353 2831 1381 2854 c.
1411 2819 1448 2861 6;
1484 2820 1602 2864 Expos.
1632 2820 1684 2853 fid.
1714 2830 1742 2852 c.
1766 2828 1823 2856 21;

1115 2874 1292 2908 Cassianus
1327 2874 1410 2908 Coll.
1446 2874 1535 2914 XXI,
1571 2883 1621 2916 25.
1672 2872 1824 2917 Synodus
