2457 3436
837 379 1101 410 Apos'romnuu
1129 380 1193 414 vn,
1221 381 1273 418 33,
1296 382 1414 418 6-34,
1437 382 1467 413 5.
1818 371 1895 410 427

452 474 568 516 ribus
591 475 783 526 similem,
813 476 895 517 eius
923 489 1081 530 quoque
1099 475 1207 517 Deus
1227 475 1437 530 appellatus
1457 489 1498 516 es
1519 475 1669 517 dicens:
1700 477 1775 517 Ero
1793 477 1898 518 Deus

452 553 464 579 ε
498 547 537 580 et
569 542 732 581 seminis
760 541 817 580 tui
823 548 907 595 post
934 547 980 581 te.
1028 540 1145 595 Atqui
1167 554 1256 581 cum
1277 547 1384 594 pater
1408 548 1543 582 noster
1563 540 1679 582 Iacob
1706 542 1745 582 in
1766 541 1897 582 Meso-

452 605 619 645 amiam
641 606 729 655 iret,
748 618 817 659 per
835 604 1050 655 Christum,
1070 619 1188 660 quem
1209 606 1244 647 ei
1265 605 1483 656 ostendisti,
1510 605 1663 647 locutus
1684 619 1725 647 es
1744 605 1896 648 dicens:

454 683 478 710 e
512 683 587 724 ego
617 683 705 710 sum
733 677 864 720 tecum,
904 678 938 710 et
965 669 1107 724 augebo
1134 678 1169 710 te
1198 677 1230 711 et
1259 669 1514 721 multiplicabo
1542 679 1576 711 te
1602 670 1727 711 valde.
1785 672 1821 712 6.
1852 671 1898 713 Et

454 735 494 776 si
528 734 646 776 fideli
665 748 711 776 ac
739 743 874 776 sancto
894 733 1040 776 famulo
1068 742 1138 776 tuo
1168 736 1222 777 sic
1244 734 1369 776 dixisti
1400 735 1439 776 in
1467 734 1549 776 rubi
1571 736 1675 776 viso:
1705 735 1785 788 Ego
1801 750 1897 785 sum,
1943 744 1963 774 5

476 814 573 840 sum
583 814 602 849 ;
630 800 699 840 hoc
725 799 819 840 mihi
843 813 974 841 nomen
1003 807 1054 840 est
1082 808 1272 841 aeternum
1302 808 1335 840 et
1358 800 1575 841 memoriale
1599 800 1899 854 generationibus

453 866 700 906 matianum.
746 878 784 918 7.
813 865 1087 918 Propugnator
1114 865 1269 918 generis
1290 864 1500 916 Abraham,
1530 864 1757 907 benedictus
1786 879 1828 907 es
1856 866 1897 906 in

454 929 565 971 cula.

504 994 707 1036 XXXIV.
733 993 965 1036 Benedictus
987 1008 1041 1045 es,
1065 994 1240 1036 Domine
1260 1008 1328 1035 rex
1344 994 1592 1044 saeculorum,
1613 995 1679 1049 qui
1698 1008 1767 1048 per
1787 994 1898 1036 Chri-

455 1074 501 1101 m
534 1059 666 1101 fecisti
684 1060 861 1101 universa
890 1067 928 1101 et
947 1073 1017 1114 per
1037 1073 1127 1101 eum
1157 1060 1196 1099 in
1218 1060 1408 1113 principio
1435 1060 1583 1101 ornasti
1609 1058 1803 1110 informia,
1833 1060 1898 1113 qui
1923 1066 1964 1098 ιο

452 1138 518 1166 aas
548 1124 600 1165 ab
627 1125 737 1179 aquis
764 1123 1015 1165 firmamento
1044 1125 1227 1178 separasti
1256 1131 1295 1165 et
1324 1123 1382 1165 his
1411 1125 1589 1178 spiritum
1613 1123 1768 1165 vitalem
1799 1123 1898 1165 indi-

452 1190 504 1239 ti,
534 1190 605 1244 qui
624 1196 767 1231 terram
789 1188 962 1230 stabilisti
992 1196 1030 1230 et
1048 1188 1196 1230 caelum
1219 1188 1425 1230 extendisti
1446 1196 1485 1230 et
1511 1188 1687 1242 singulos
1706 1196 1897 1230 creaturas

452 1265 538 1296 acta
575 1248 836 1309 dispositione
870 1254 1029 1295 ornasti.
1088 1265 1123 1295 2.
1153 1253 1242 1295 Tua
1278 1254 1382 1295 enim
1418 1254 1671 1307 cogitatione,
1708 1253 1897 1304 Domine,

452 1318 578 1360 indus
596 1319 637 1359 in
660 1319 762 1360 hunc
783 1319 951 1360 nitorem
974 1319 1208 1360 constitutus
1230 1325 1300 1368 est,
1321 1318 1466 1359 caelum
1485 1333 1574 1359 vero
1593 1320 1713 1360 instar
1727 1332 1898 1359 camerae

454 1391 658 1437 mpactum
688 1384 798 1425 astris
834 1382 1062 1425 illustratum
1092 1390 1151 1424 est
1179 1383 1226 1424 ad
1256 1383 1438 1425 solatium
1478 1384 1516 1425 in
1547 1384 1729 1434 tenebris,
1763 1383 1895 1425 lumen
1922 1388 1961 1419 16

452 1455 535 1490 tem
568 1455 608 1490 et
636 1447 697 1489 sol
731 1455 892 1502 propter
921 1447 1002 1489 dies
1032 1455 1070 1490 et
1099 1447 1291 1490 fructuum
1330 1449 1625 1502 generationem
1657 1447 1897 1503 prodierunt,

472 1513 563 1554 luna
589 1514 630 1555 in
652 1513 955 1555 conversionem
977 1520 1201 1566 temporum
1224 1527 1403 1555 crescens
1422 1527 1466 1555 ac
1489 1513 1730 1563 decrescens,
1761 1521 1799 1554 et
1818 1527 1898 1553 nox

452 1577 618 1619 ›cabatur
648 1585 688 1619 et
707 1577 790 1618 dies
819 1577 1089 1632 appellabatur,
1119 1576 1409 1619 firmamentum
1432 1592 1525 1619 vero
1555 1579 1595 1619 in
1625 1577 1757 1619 medio
1787 1577 1897 1632 abys-

452 1656 540 1683 orum
562 1641 731 1697 patebat,
758 1650 790 1683 et
810 1643 950 1692 dixisti,
974 1650 1015 1683 ut
1033 1650 1349 1697 congregarentur
1367 1656 1488 1697 aquae
1506 1650 1541 1683 et
1560 1650 1754 1697 appareret
1773 1642 1896 1683 arida.

476 1707 606 1761 Ipsum
627 1715 760 1749 autem
781 1721 887 1748 mare
906 1707 1112 1761 quomodo
1132 1708 1218 1761 quis
1239 1708 1457 1749 enarraret?
1486 1707 1592 1761 quod
1613 1707 1769 1761 quidem
1791 1708 1897 1748 venit
1921 1711 1964 1742 20

468 1772 603 1826 pelago
639 1771 787 1822 furens,
821 1773 982 1813 recurrit
1015 1780 1144 1813 autem
1174 1771 1220 1813 ab
1255 1786 1369 1813 arena
1399 1773 1504 1813 iussu
1537 1779 1607 1813 tuo
1642 1772 1900 1826 prohibitum;

452 1838 535 1879 xisti
571 1839 694 1887 enim,
728 1837 836 1892 quod
871 1839 910 1878 in
944 1839 1022 1892 ipsa
1058 1838 1341 1891 confringentur
1369 1836 1502 1883 fluctus
1536 1839 1613 1878 eius
1620 1852 1636 1886 ;
1673 1836 1901 1878 animalibus

452 1916 499 1944 tro
519 1904 652 1957 parvis
672 1910 706 1943 et
726 1904 874 1955 magnis
894 1910 1004 1957 atque
1022 1903 1184 1955 navigiis
1202 1903 1378 1957 pervium
1403 1901 1494 1943 illud
1520 1901 1654 1944 fecisti.
1703 1916 1740 1955 4.
1763 1902 1901 1943 Postea

452 1967 654 2009 “minabat
682 1975 798 2017 terra,
828 1968 1052 2020 omnigenis
1072 1966 1231 2009 floribus
1251 1981 1295 2007 ac
1315 1968 1496 2009 varietate
1515 1967 1698 2008 arborum
1720 1966 1901 2021 multipli-

452 2047 514 2074 mm
537 2033 710 2087 depicta3
737 2039 775 2074 et
796 2033 944 2074 cunctis
968 2032 1134 2074 lucentia
1159 2032 1360 2074 luminaria
1387 2032 1528 2074 horum
1558 2033 1705 2073 nutritii
1732 2031 1898 2073 eundem
1924 2034 1966 2066 25

452 2111 564 2152 tmper
592 2112 751 2140 cursum
782 2105 917 2138 tenent
950 2111 1024 2138 nec
1053 2097 1243 2138 ullatenus
1272 2110 1292 2137 a
1321 2104 1391 2138 tuo
1422 2096 1605 2138 mandato
1635 2097 1794 2146 variant,
1833 2096 1901 2138 sed

452 2176 639 2218 uacunque
672 2163 845 2212 iusseris,
881 2161 930 2203 ibi
960 2163 1139 2204 oriuntur
1168 2176 1211 2203 ac
1241 2161 1425 2203 occidunt
1460 2163 1499 2203 in
1529 2163 1638 2215 signa
1673 2169 1899 2215 temporum

452 2234 523 2282 tque
556 2241 754 2269 annorum
790 2235 828 2269 et
867 2227 1071 2269 hominum
1111 2228 1370 2268 ministerium
1406 2227 1607 2268 alternant.
1675 2240 1711 2279 5.
1748 2226 1901 2268 Deinde

452 2293 631 2335 mimalium
672 2292 917 2333 diversorum
958 2290 1264 2333 conficiebantur
1304 2305 1461 2344 genera,
1501 2292 1753 2341 terrestrium,
1788 2305 1901 2345 aqua-

453 2355 546 2407 lium,
581 2357 803 2407 volucrum,
842 2356 1147 2411 amphibiorum3
1182 2363 1346 2411 tuaeque
1390 2355 1656 2410 providentiae
1695 2355 1901 2397 artificiosa
1926 2359 1968 2388 30

452 2429 612 2468 Ιῦδάτων
637 2438 675 2474 -1-
702 2436 753 2467 τῶ
777 2432 797 2465 d
827 2434 832 2474 Ι
862 2429 1084 2475 στερεώματι
1111 2435 1147 2472 -l-
1175 2427 1194 2465 ὃ
1219 2432 1239 2465 d
1262 2432 1284 2465 h
1314 2434 1319 2472 Ι
1354 2436 1392 2466 15
1416 2428 1614 2474 ἐνθυμήσει
1638 2443 1646 2463 :
1679 2428 1826 2472 δυνάμει
1850 2442 1868 2465 a
1896 2452 1898 2473 Ι

461 2484 589 2529 κόσμος
611 2487 634 2520 h
652 2488 658 2529 Ι
679 2488 937 2530 πεφαΙόρυνται
961 2498 982 2520 ν
1007 2488 1013 2528 Ι
1040 2490 1079 2520 17
1105 2486 1156 2525 εἰς
1178 2490 1223 2525 >
1246 2486 1269 2519 h
1288 2488 1293 2526 Ι
1313 2487 1374 2519 καὶ
1395 2491 1439 2525 >
1464 2497 1483 2518 ν
1503 2486 1508 2528 Ι
1530 2483 1640 2528 γονὴν
1663 2486 1683 2517 d
1708 2497 1714 2517 :
1740 2483 1849 2526 γονὰς
1873 2496 1901 2525 ε,

453 2543 517 2583 »τῆς
538 2552 555 2574 a
579 2553 610 2582 v,
641 2546 763 2584 γονεῖς
785 2541 807 2574 h
837 2543 841 2581 ξ
876 2543 972 2584 17s18
996 2540 1225 2583 γεγέννηνται
1250 2551 1268 2573 a
1292 2541 1313 2573 11
1343 2543 1348 2582 1
1385 2544 1424 2573 18
1448 2543 1585 2581 καιρῶν
1609 2539 1660 2578 εἰ,-
1683 2549 1701 2571 e
1734 2542 1737 2578 l
1768 2538 1903 2582 τροπὴν

453 2599 545 2636 ιερῶν
565 2596 586 2629 d
610 2596 657 2635 h'.
682 2599 722 2630 19
744 2594 858 2636 μέσον
879 2606 896 2628 a
917 2596 923 2638 ἶ
942 2598 985 2629 20
1007 2598 1079 2629 τῶν
1101 2599 1145 2634 >
1168 2595 1189 2627 d
1213 2604 1232 2627 e
1256 2606 1275 2626 v
1301 2596 1307 2634 Ι
1333 2592 1374 2627 τὰ
1397 2599 1441 2633 >
1466 2594 1487 2627 h
1514 2595 1517 2634 l
1544 2598 1585 2627 22
1609 2590 1829 2635 ἐκφρᾰσοιεν
1852 2603 1870 2627 e
1896 2596 1899 2636 ζ

452 2650 603 2693 monim
628 2654 673 2689 >
698 2650 743 2687 vl
764 2653 807 2682 23
831 2647 860 2681 δ’
882 2649 902 2682 d
926 2659 944 2682 e
964 2651 970 2690 Ι
992 2645 1094 2688 εἶπας
1115 2649 1136 2682 d
1160 2659 1179 2681 e
1203 2660 1222 2681 v
1243 2651 1247 2689 Ι
1269 2647 1307 2682 ἐν
1329 2652 1374 2686 >
1397 2648 1419 2681 h
1440 2649 1444 2689 Ι
1470 2651 1511 2682 25
1537 2649 1597 2681 καὶ
1620 2649 1759 2687 πλοίοις
1781 2652 1824 2687 >
1849 2659 1869 2680 ν
1896 2649 1898 2688 Ι

452 2702 647 2746 απορευτὴν
670 2715 691 2735 ν
712 2706 716 2744 Ι
743 2703 914 2745 ἐποίησας
939 2707 975 2744 -l-
999 2706 1147 2747 βροτοτς
1170 2702 1208 2736 δὲ
1230 2700 1347 2745 βατὴν
1369 2698 1481 2744 αὐτὴν
1503 2706 1577 2741 τοῖς
1599 2703 1737 2741 πλοίοις
1760 2701 1901 2736 ἐκέλευ-

452 2768 478 2796 n,-
497 2770 516 2789 ν
534 2762 540 2799 Ι
559 2755 639 2793 εἶτα
662 2758 685 2791 d
708 2768 727 2791 e
752 2769 772 2790 v
790 2758 795 2800 Ι
816 2761 860 2792 29
881 2755 992 2800 ταύτῃ
1016 2769 1023 2790 :
1048 2754 1178 2799 ταύτην
1200 2767 1229 2796 e,
1252 2761 1296 2795 >
1321 2755 1341 2788 h
1362 2758 1366 2795 1
1387 2759 1428 2789 32
1452 2752 1664 2798 ᾰερυπόρων
1686 2761 1729 2795 >
1754 2756 1774 2788 d

453 2815 603 2869 XXXIV.
629 2831 821 2877 Προσευχὴ
840 2831 1073 2877 recensum)
1095 2833 1328 2876 δημιουργίας
1351 2829 1535 2875 διαφόρου.
1574 2832 1690 2865 Oratio
1714 2812 1903 2875 praedicans

452 2890 607 2923 tationem
631 2889 768 2922 variam.
