2457 3436
787 277 1115 308 CONSTITUTIONUM
1143 278 1407 308 APOS'I'OLORUM
1435 278 1515 308 vm.
1842 269 1892 308 75

394 369 628 426 ἀμφότεροι
646 378 855 427 προφῆται
873 375 942 415 καὶ
962 370 1007 423 ὃς
1023 374 1099 427 μὲν
1118 371 1333 427 ἀρχιερεύς,
1355 370 1399 423 ὃς
1413 374 1457 415 δὲ
1470 374 1669 425 βασιλεύς.
1718 386 1778 427 15.
1798 376 1895 425 „va

396 436 505 480 ἑπτὰ
531 437 730 491 χιλιάδων
757 436 1032 491 ὑπαρχουσῶν
1059 436 1190 492 ἁγίων
1218 439 1263 480 ἐν
1277 434 1434 492 Ἰσραὴλ
1455 444 1544 480 τῶν
1561 438 1617 492 μὴ
1636 439 1895 492 καμψάντων

397 503 505 556 γόνυ
531 507 584 556 τῇ
610 502 763 554 Βάαλ“,
797 502 925 556 μόνος
950 500 1082 552 Ἠλίας
1115 505 1160 545 ἐν
1193 500 1335 552 αὐτοῖς
1367 505 1436 545 καὶ
1471 501 1494 545 ὁ
1522 502 1676 546 τούτου
1707 504 1897 558 μαθητὴς

395 564 620 617 Ἐλισσαῖος
640 570 945 622 θαυματουργοὶ
960 567 1190 622 γεγόνασιν·
1211 565 1295 610 ἀλλ’
1319 567 1416 610 οὔτε
1428 564 1559 617 Ἠλίας
1578 568 1653 610 τὸν
1674 568 1896 622 οἰκονόμον

397 632 557 684 Ἅβδιοὺ
583 631 865 686 ἐξεμυκτήρισε
891 635 1151 686 φοβούμενον
1176 635 1251 687 μὲν
1278 633 1353 675 τὸν
1381 633 1501 684 θεόν,
1536 632 1589 676 οὐ
1615 638 1821 676 ποιοῦντα
1849 635 1893 676 δὲ

399 707 561 752 σημεῖα·
606 696 702 740 οὔτε
734 694 955 747 Ἐλισσαῖος
990 698 1070 740 τὸν
1108 697 1259 740 ἑαυτοῦ
1296 698 1488 753 μαθητὴν
1529 701 1756 751 φρίττοντα
1796 698 1896 747 τοὺς

400 765 623 816 πολεμίους
654 760 877 816 ὑπερεῖδεν.
939 765 999 805 16.
1034 760 1138 805 ἀλλὰ
1170 763 1248 817 γὰρ
1282 761 1377 805 οὔτε
1406 762 1556 817 Δανιὴλ
1591 761 1614 805 ὁ
1644 762 1773 815 σοφὸς
1807 763 1895 805 δεύ-

399 843 526 882 τερον
554 827 721 882 ὁυσθεὶς
747 828 794 869 ἐκ
822 827 1025 881 στόματος
1051 827 1250 878 λεόντων,
1280 824 1375 870 οὐδὲ
1405 828 1445 869 οἱ
1473 836 1580 881 τρεῖς
1597 830 1739 877 παῖδες
1757 828 1804 870 ἐκ
1821 833 1896 882 τῆς

400 895 578 946 καμίνου
613 896 689 934 τοῦ
723 892 852 946 πυρὸς
886 893 1165 945 ἐξουδένωσαν
1200 893 1302 942 τοὺς
1333 893 1502 941 λοιποὺς
1536 899 1625 934 τῶν
1659 890 1895 946 ὁμοφύλων.

401 953 632 1011 ἠπίσταντο
654 956 742 1011 γάρ,
774 956 838 1000 ὅτι
859 957 911 1000 οῦ
928 963 980 1011 τῇ
994 959 1122 1013 οἰκείᾳ
1141 957 1306 1011 δυνάμει
1325 962 1413 1000 τῶν
1433 959 1581 1000 δειναῒν
1596 959 1894 1011 περιεγένοντο,

401 1021 508 1064 ἀλλὰ
534 1028 587 1075 τῇ
606 1028 685 1065 τοῦ
704 1027 808 1065 θεοῦ
827 1023 945 1076 ἰσχύϊ,
974 1025 1043 1064 καὶ
1070 1032 1210 1077 σημεῖα
1238 1024 1455 1065 ἐπετέλουν
1484 1024 1553 1064 καὶ
1579 1027 1667 1064 τῶν
1689 1025 1897 1075 δυσχερῶν

402 1086 734 1142 ἀπηλλάττοντο.
795 1101 854 1142 17.
892 1084 1048 1131 οὐκοῦν
1082 1090 1218 1142 μηδεὶς
1253 1085 1371 1141 ὑμῶν
1408 1088 1643 1141 ὲπαιρέσθω
1679 1086 1784 1129 κατὰ
1819 1093 1897 1129 τοῦ

402 1151 601 1204 α’δελφσῦ,
642 1150 723 1194 κᾶν
761 1152 977 1207 προφήτης
1010 1148 1047 1205 ᾗ,
1086 1151 1166 1194 κᾶν
1199 1152 1530 1206 θαυματοποιός·
1574 1153 1609 1194 εἰ
1640 1152 1718 1206 γὰρ
1755 1153 1897 1206 δοθείη

401 1219 547 1272 μηκέτι
584 1223 668 1260 ποῦ
701 1233 796 1260 τινα
830 1216 933 1259 εἶναι
971 1216 1161 1267 ἄπιστον,
1200 1217 1373 1271 περιττὴ
1412 1217 1563 1259 λοιπὸν
1601 1217 1714 1259 ἔσται
1749 1216 1774 1272 ἦ
1809 1223 1897 1259 τῶν

402 1284 584 1336 σημείων
611 1283 800 1336 ἐνέργεια.
852 1283 912 1324 18.
941 1281 992 1325 τὸ
1008 1284 1082 1336 μὲν
1108 1282 1184 1336 γὰρ
1213 1281 1317 1324 εἶναι
1345 1281 1491 1337 εὐσεβῆ
1519 1283 1564 1324 ἐκ
1591 1288 1665 1336 τῆς
1687 1288 1765 1323 τοῦ
1784 1297 1896 1330 τινος

403 1344 580 1398 εὐνοίας,
607 1347 658 1389 τὸ
687 1348 729 1388 δὲ
757 1347 1075 1400 θαυματοποιὸν
1104 1347 1150 1389 ἐκ
1176 1352 1248 1400 τῆς
1275 1352 1354 1390 τοῦ
1372 1347 1641 1401 ἐνεργοῦντος
1670 1347 1897 1400 δυνάμεως·

404 1408 469 1454 ὧν
495 1412 547 1454 τὸ
575 1413 651 1465 μὲν
676 1417 849 1465 πρῶτον
876 1408 1029 1462 αὐτοὺς
1055 1410 1159 1465 ἡμᾶς
1188 1409 1275 1467 ὁρᾷ,
1310 1412 1360 1454 τὸ
1397 1413 1441 1454 δὲ
1469 1412 1662 1465 δεύτερον
1690 1412 1794 1454 θεὸν
1822 1412 1898 1453 τὸν

402 1478 653 1531 ἐνεργοῦντα
680 1474 730 1519 δι’
762 1475 811 1526 ἃς
837 1480 1086 1530 προείπομεν
1113 1478 1254 1526 αἰτίας.
1314 1490 1373 1530 19.
1404 1474 1559 1519 οὐκοῦν
1587 1476 1686 1531 μήτε
1713 1476 1898 1527 βασιλεὺς

403 1544 678 1594 ἐξουθενείτω
715 1541 816 1590 τοὺς
853 1540 928 1583 ὑπ’
966 1538 1095 1584 αὐτὸν
1129 1541 1393 1595 στρατηγούς,
1433 1540 1534 1595 μήτε
1572 1540 1766 1594 ἄρχοντες
1801 1540 1899 1589 τοὺς

402 1605 635 1661 ὑπηκόους·
670 1606 724 1660 μὴ
754 1605 893 1648 ὄντων
921 1606 999 1660 γὰρ
1027 1612 1117 1648 τῶν
1145 1606 1382 1660 ἀρχομένων
1410 1607 1594 1659 περιττοὶ
1622 1605 1662 1648 οἱ
1691 1605 1897 1659 ἄρχοντες,

403 1674 476 1714 καὶ
501 1671 558 1727 μὴ
576 1670 717 1714 ὄντων
736 1677 977 1725 στρατηγῶν
998 1670 1050 1714 οὐ
1069 1670 1318 1725 σταθήσεται
1336 1674 1528 1722 βασιλεία.
1577 1683 1641 1712 20.
1671 1667 1774 1712 ἀλλὰ
1800 1672 1898 1725 μηδὲ

403 1737 630 1786 ἐπίσκοπος
663 1736 898 1790 ἐπαιρέσθω
932 1736 1038 1779 κατὰ
1072 1741 1159 1779 τῶν
1194 1735 1403 1779 διακόνων
1430 1733 1455 1789 ἢ
1483 1741 1572 1777 τῶν
1598 1737 1898 1788 πρεσβυτέρων,

401 1800 505 1857 μήτε
531 1800 614 1856 μὴν
641 1801 681 1843 οἱ
707 1801 975 1856 πρεσβύτεροι
1001 1801 1108 1843 κατὰ
1137 1807 1215 1843 τοῦ
1244 1805 1366 1843 λαοῦ·
1395 1802 1439 1852 ἐξ
1466 1800 1657 1855 α’λλήλων
1684 1799 1761 1854 γάρ
1788 1800 1900 1842 ἐστιν

402 1865 429 1919 ἡ
464 1866 659 1916 σύστασις
690 1870 767 1908 τοῦ
799 1869 1165 1919 συναθροίσματος.
1223 1878 1287 1908 21.
1325 1861 1349 1908 ὅ
1382 1882 1427 1908 τε
1460 1866 1538 1920 γὰρ
1573 1866 1799 1914 ἐπίσκοπος
1832 1868 1899 1906 καὶ

404 1931 448 1974 01
474 1931 744 1985 πρεσβύτεροί
769 1931 901 1973 τινών
928 1931 1028 1973 εἰσιν
1047 1931 1176 1984 ἱερεῖς,
1205 1934 1273 1973 καὶ
1293 1931 1333 1972 οἱ
1351 1932 1486 1972 λαῖκοί
1503 1930 1635 1973 τινών
1654 1931 1729 1972 εἰσι
1748 1932 1898 1972 λαϊκοί·

404 1998 476 2038 καὶ
511 1995 562 2038 τὸ
588 1997 665 2049 μὲν
697 1994 800 2038 εἶναι
832 1997 1070 2049 χριστιανὸν
1103 1995 1168 2048 ἐφ’
1195 1995 1301 2048 ἡμῖν,
1337 1995 1387 2038 τὸ
1423 1997 1466 2037 δὲ
1501 1992 1736 2037 ἀπόστολον
1764 1994 1790 2050 ἢ
1817 1995 1900 2037 ἐπί-

404 2074 569 2104 σκοπον
602 2059 628 2115 ἢ
656 2059 759 2103 ἄλλο
785 2077 827 2103 τι
864 2059 944 2103 οῦκ
978 2060 1043 2112 ἐφ’
1070 2059 1178 2115 ἡμῖν,
1214 2057 1297 2102 ἀλλ’
1335 2060 1400 2102 ἐπὶ
1435 2065 1500 2113 τῷ
1533 2059 1690 2102 διδόντι
1724 2065 1814 2113 θεῷ
1847 2060 1900 2101 τὰ

402 2129 642 2180 χαρίσματα.
700 2138 764 2168 22.
805 2131 937 2168 ταῦτα
962 2127 1036 2179 μὲν
1066 2121 1143 2167 οὖν
1171 2126 1235 2167 ἐπὶ
1265 2131 1470 2168 τοσοῦτον
1498 2125 1679 2179 εἰρήσθω
1708 2125 1774 2167 διὰ
1804 2125 1903 2173 τοὺς

405 2191 665 2244 ἀξιωθέντας
689 2190 953 2245 χαρισμάτων
980 2189 1007 2245 ἢ
1034 2189 1289 2244 ἀξιωμάτων.

516 2255 565 2298 11.
596 2251 749 2297 Ἐκεῖνο
777 2256 821 2297 δὲ
847 2258 1123 2309 προστίθεμεν
1156 2260 1219 2308 τῷ
1248 2255 1373 2307 λόγῳ,
1409 2253 1475 2296 ὅτι
1513 2253 1610 2296 οὔτε
1642 2259 1722 2302 πᾶς
1752 2252 1775 2295 ὅ
1803 2268 1903 2306 προ-

405 2320 603 2376 φητεύων
632 2317 744 2370 ὅσιος
772 2317 867 2362 οὔτε
886 2324 966 2369 πᾶς
994 2317 1017 2362 ὃ
1037 2322 1231 2373 δαίμονας
1253 2320 1469 2370 ἐκβάλλων
1489 2317 1616 2372 ἅγιος.
1664 2331 1701 2360 2.
1731 2320 1800 2360 καὶ
1826 2318 1902 2372 γὰρ

518 2455 536 2486 1
561 2450 605 2484 111
627 2451 862 2495 Reg.19,18.
886 2469 927 2475 —-
950 2454 969 2485 6
993 2449 1041 2484 IV
1064 2450 1145 2493 Reg.
1170 2449 1200 2484 6.
1225 2469 1264 2474 -
1290 2453 1308 2483 7
1331 2449 1416 2482 Dan.
1440 2448 1471 2482 6.
1497 2459 1524 2491 3.
1547 2469 1591 2474 —
1613 2452 1653 2482 21
1678 2447 1736 2482 Mt.
1762 2457 1880 2490 12,15.

517 2573 540 2604 2
562 2565 677 2613 ἁγίων
697 2565 937 2612 ὑπαρχουσῶν
957 2580 979 2602 n
998 2569 1004 2612 Ι
1024 2565 1161 2612 Ἰσραήλ
1184 2580 1191 2603 :
1217 2568 1299 2611 ἰλῆμ
1322 2579 1341 2601 a
1360 2569 1366 2611 1
1386 2572 1405 2602 7
1429 2565 1513 2603 οὐδὲ
1536 2579 1554 2602 a
1575 2570 1578 2609 Ι
1598 2571 1619 2602 8
1641 2570 1766 2607 παῖδες
1788 2575 1824 2602 >
1848 2577 1866 2600 a
1891 2567 1896 2606 1

406 2628 470 2667 τῆς
493 2635 502 2657 z
525 2626 591 2659 τοῦ
614 2635 635 2656 ν
658 2623 664 2667 Ι
690 2626 711 2659 9
733 2621 848 2666 πυρὸς
872 2626 909 2665 -Ι-
935 2622 1131 2667 ῥυσθέντες
1153 2634 1172 2656 a
1195 2635 1215 2656 v
1242 2624 1246 2664 Ι
1280 2626 1317 2656 11
1342 2619 1541 2657 ἀπετέλουν
1563 2634 1583 2654 ν
1611 2623 1617 2662 Ι
1648 2625 1688 2655 15
1712 2622 1873 2665 σημείων
1896 2633 1903 2654 :

408 2675 612 2721 θαυμάτων
633 2677 671 2719 fl
692 2681 732 2713 16
755 2676 895 2718 ἐννοίας
916 2688 951 2711 m
973 2689 995 2711 n
1014 2680 1020 2719 Ι
1042 2681 1081 2711 17
1105 2680 1250 2720 πρῶτον
1273 2688 1281 2710 :
1307 2679 1344 2717 ÷
1364 2676 1415 2715 εἰς
1437 2676 1470 2709 f*
1489 2681 1494 2714 Ι
1514 2673 1646 2715 αὐτοὺς
1662 2684 1696 2711 >
1715 2686 1734 2708 a
1754 2676 1758 2717 1
1777 2679 1821 2710 20
1842 2687 1904 2709 πε-

407 2730 509 2775 ριττὴ
534 2743 556 2765 n
577 2732 583 2775 Ι
600 2734 641 2766 21
663 2729 708 2766 τὰ
723 2733 894 2776 βασίλεια
912 2743 933 2765 v
954 2734 959 2774 Ι
977 2735 1019 2766 22
1041 2731 1300 2775 πρεσβυτέρων
1317 2757 1325 2765 .
1342 2756 1350 2765 .
1367 2727 1546 2764 διακόνων
1568 2742 1589 2763 ν
1607 2730 1613 2773 1
1633 2733 1706 2763 τῶν
1722 2739 1778 2763 sec
1797 2738 1832 2764 >
1848 2740 1867 2763 a
1893 2731 1897 2774 Ι

407 2790 451 2821 28
474 2785 537 2821 ἐπὶ
559 2796 636 2821 τοσ.
659 2793 694 2822 >
718 2797 740 2819 n
761 2788 827 2827 129
852 2783 873 2829 ἢ
897 2782 1114 2828 ἀξιωμάτων
1136 2793 1171 2821 >
1196 2796 1215 2818 a

1921 969 1963 1000 10

1922 1292 1961 1323 Ῑῦ

1922 1615 1964 1646 20

1923 1940 1965 1970 25

1926 2263 1967 2294 30
