2457 3436
452 330 759 362 :ousrrmuomzs
785 330 1054 362 APOSTOLORUM
1082 332 1130 365 vi,
1159 333 1210 371 23,
1234 333 1329 365 6—7.
1550 322 1630 361 363

462 425 595 469 αὐτοῦ
623 429 691 469 καὶ
723 433 801 470 τοῦ
830 426 1014 480 αἵματος·
1048 425 1141 468 α’ντὶ
1169 428 1212 468 δὲ
1240 431 1411 481 τοπικῆς
1446 430 1631 480 λατρείας

452 497 506 533 ῆν
532 490 651 546 ἡλίου
668 494 780 545 μέχρι
808 494 974 545 δυσμῶν
992 493 1038 534 ἐν
1064 495 1189 534 παντὶ
1218 492 1365 545 τόπῳ“
1392 498 1465 547 τῆς
1490 494 1632 535 δεσπο-

455 559 705 610 προσέταξεν
742 557 982 610 δοξάζεσθαι
1020 553 1161 616 “fit-‘'²2-
1225 559 1262 599 6.
1304 556 1355 599 οὕ
1389 557 1518 610 νόμον
1554 553 1631 599 οὖν

453 620 582 676 ἡμῶν,
610 618 716 664 ἀλλὰ
734 620 874 674 δεσμά·
902 623 996 674 ,περὶ
1022 620 1099 675 γὰρ
1126 626 1202 664 τοῦ
1229 623 1362 675 νόμου
1388 625 1455 664 καὶ
1477 626 1632 681 Μωσῆς

454 687 562 740 ήσεις
589 688 639 729 τὸ
659 687 776 740 ῥῆμα,
807 684 831 728 ὃ
858 686 939 740 ἐγώ
966 699 1030 728 σοι
1049 686 1297 740 ἐντέλλομαι,
1326 687 1561 740 καθήμενος
1585 687 1631 729 ἐν
1653 697 1673 727 5

453 752 625 805 τάμενος
652 754 720 793 καὶ
739 756 981 804 περιπατῶν
1007 752 1053 793 ἐν
1077 750 1201 804 ὁὸᾦ“,
1231 754 1300 794 καὶ
1324 750 1347 794 ὃ
1366 754 1492 794 Δαυὶδ
1509 754 1630 806 λέγει·

452 833 465 858 2
493 819 637 869 κυρίου
666 816 718 858 τὸ
740 818 899 871 θέλημα
926 813 1071 867 αὐτοῦ,
1099 808 1172 858 καί
1192 808 1241 858 ‘512
1268 822 1332 870 τῷ
1360 817 1474 870 νόμῳ
1501 816 1632 859 αὐτοῦ

452 898 522 935 ρας
549 884 617 924 καὶ
647 881 835 930 νυκτός“.
892 895 929 935 7.
957 887 1172 935 πανταχοῦ
1199 882 1276 936 γὰρ
1303 881 1501 935 ἐννόμους
1529 880 1632 936 ἡμᾶς

453 980 466 997 ,
485 943 683 1007 ἆῇλᾈοςῖχὶ
701 946 983 1000 παρανόμους·
1010 946 1383 1006 ,,Μακάριορ“-χᾴρ,
1402 951 1537 1006 ᾳ-ηῑσίν,
1563 947 1631 998 „oi

471 1044 501 1076 3;
527 1033 603 1068 Mal.
631 1045 656 1075 1,
685 1043 732 1068 11.
756 1053 796 1057 ——
830 1038 850 1068 5
873 1033 970 1068 Deut.
994 1032 1026 1074 6,
1048 1032 1079 1067 6.
1104 1043 1133 1077 7.
1164 1053 1204 1059 —
1233 1038 1253 1069 7
1276 1035 1328 1068 Ps.
1355 1045 1382 1074 1,
1407 1043 1436 1068 2.
1464 1054 1507 1060 —
1535 1037 1555 1069 9
1578 1033 1630 1068 Ps.

452 1183 458 1189 ·
483 1166 545 1198 καὶ
568 1175 587 1197 a
610 1164 630 1197 b
652 1164 745 1198 LXX
771 1166 775 1206 Ι
801 1168 821 1198 3
843 1164 1065 1207 προσέταξεν
1088 1175 1096 1198 :
1119 1164 1140 1197 d
1163 1164 1183 1197 i.
1206 1175 1250 1197 m.
1275 1165 1466 1199 ἐδικαίωσε
1493 1167 1497 1205 l
1523 1161 1633 1200 αὐτὸν

452 1229 506 1253 rev
529 1229 547 1252 a
570 1218 590 1251 b
611 1220 616 1261 Ι
635 1222 656 1252 4
677 1220 911 1261 περιείληφεν
932 1218 955 1252 h
975 1221 980 1258 Ι
1000 1215 1069 1262 γάρ
1093 1230 1102 1252 :
1126 1221 1160 1252 δὲ
1186 1218 1206 1251 b
1229 1218 1250 1250 d
1273 1228 1292 1251 e
1311 1220 1317 1260 Ι
1337 1220 1398 1253 καὶ
1420 1224 1464 1258 >
1488 1229 1506 1252 a

452 1294 645 1328 {numeratur
663 1294 798 1328 sabbato
813 1299 846 1327 et
862 1293 885 1327 S
905 1297 909 1335 ὶ
930 1297 970 1328 27
995 1304 1109 1328 vacare
1129 1306 1136 1327 ε
1154 1305 1220 1328 uno
1240 1305 1271 1328 v.
1287 1294 1310 1328 S
1330 1295 1335 1334 1
1354 1297 1395 1329 31
1419 1294 1567 1338 sphaeris
1582 1294 1605 1328 S
1621 1306 1630 1328 z

457 1348 628 1381 elementis
651 1348 796 1382 Corssen

452 1434 556 1468 Verba
571 1436 642 1478 ipsa
656 1435 690 1468 in
702 1434 734 1468 S.
746 1435 855 1479 Scrip-

452 1500 487 1522 ιτ.
526 1483 652 1522 Αιιεὶοῐ
672 1495 780 1522 autem
804 1489 855 1522 lo·

452 1552 474 1584 7,
496 1552 535 1586 19
558 1544 784 1587 composuisse
807 1544 854 1576 vi-

453 1596 610 1630 simulans
627 1607 663 1630 se
680 1607 754 1630 esse
769 1596 855 1630 Esau

452 1656 522 1694 »gat
538 1657 674 1694 patrem,
699 1657 732 1684 ut
747 1652 855 1695 ipsum

453 1704 540 1738 Gen.
557 1713 609 1747 27,
627 1704 675 1747 36,
699 1705 752 1738 ubi
769 1704 855 1738 Esau

452 1757 548 1791 [acob
578 1759 794 1802 primogenita
823 1765 856 1792 et

452 1812 486 1846 >si
505 1813 666 1856 surripuit.
706 1813 855 1847 Similem

452 1866 491 1899 bi
513 1866 689 1899 vindicavit
703 1877 740 1900 ac
759 1877 855 1911 supra

453 1931 464 1953 1
486 1927 682 1964 argumento
705 1932 782 1955 usus
806 1928 856 1955 est

483 1975 525 2007 ad
548 1980 634 2008 noct.
658 1975 780 2009 domin.
803 1987 854 2010 re-

452 2038 461 2069 ι
490 2028 619 2062 dicens:
651 2028 704 2063 Ius
733 2030 855 2073 primo-

480 2083 611 2116 abstulit
641 2084 726 2126 (dies
749 2084 854 2117 domi-

453 2165 460 2177 ,
477 2138 531 2182 qui
549 2137 652 2171 factus
664 2145 714 2171 est
733 2140 855 2181 primo-

462 2191 639 2235 Ephraemi
674 2192 789 2236 hymni
823 2199 855 2225 et

453 2256 514 2290 ,my
537 2246 561 2285 1,
583 2255 652 2288 542.
691 2246 855 2290 Origenes

471 2300 544 2340 Vll,
578 2309 591 2342 5
626 2306 735 2334 autem
770 2301 855 2340 inde,

453 2364 491 2387 ca
515 2353 605 2387 Deus
635 2354 713 2397 pluit
735 2365 855 2387 manna

452 2420 458 2441 ι
495 2408 633 2441 sabbato
672 2418 739 2441 non
775 2407 855 2452 pluit

472 2467 550 2495 tunc
573 2462 772 2495 dominicam
794 2473 855 2496 no-

466 2526 541 2549 esse
572 2516 705 2549 sabbato
729 2516 855 2550 iudaico

472 2569 627 2603 homiliae
649 2570 691 2602 de
714 2580 854 2603 occursu

452 2629 549 2657 tomo
578 2623 658 2657 false
685 2624 855 2657 attributae

476 2677 557 2720 812)
588 2677 674 2711 diem
704 2684 855 2712 octavam

458 2731 640 2775 expulsisse
663 2742 705 2764 eo
729 2732 854 2775 probat,

452 2787 483 2819 ie
507 2791 623 2818 octava
646 2786 854 2819 circumcisus

968 1444 1016 1476 15.
1033 1445 1099 1468 ecce
1113 1454 1150 1458 —
1160 1435 1282 1479 prima]
1295 1435 1411 1479 Neque
1428 1434 1493 1468 hoc
1509 1435 1632 1468 dictum

921 1488 954 1521 in
965 1489 997 1522 S.
1010 1489 1174 1533 Scriptura
1191 1488 1319 1533 legitur.
1348 1489 1478 1522 Partem
1497 1488 1632 1522 alteram

921 1552 985 1575 una
1000 1553 1074 1575 cum
1093 1543 1228 1576 exordio
1245 1547 1397 1587 tanquam
1414 1543 1550 1575 verbum
1563 1543 1631 1575 Do-

920 1596 999 1629 mini
1023 1596 1153 1629 exhibet
1176 1596 1338 1630 Barnabas
1359 1595 1390 1637 6,
1411 1606 1445 1638 13
1471 1596 1632 1629 scribens:

920 1651 1016 1694 λέγει
1055 1652 1094 1685 aze.
1131 1648 1270 1694 κύριος’
1316 1647 1415 1692 Ἰδού,
1458 1653 1551 1684 ποιῶ
1589 1648 1631 1684 τὰ

921 1701 1050 1747 ἔσχατα
1074 1701 1124 1744 ὦς
1146 1702 1188 1738 τὰ
1206 1707 1342 1747 πρῶτα.
1380 1704 1536 1738 Similiter
1553 1704 1632 1747 Hip-

920 1758 1051 1803 polytus
1075 1759 1112 1792 In
1129 1759 1213 1791 Dan.
1230 1759 1287 1798 IV,
1307 1768 1344 1801 37
1366 1759 1417 1792 ed.
1433 1758 1632 1792 Bonwetsch

919 1812 933 1846 1
963 1814 1090 1856 (1897),
1121 1814 1194 1853 284.
1225 1822 1279 1846 12:
1315 1810 1456 1847 ἔσονται
1490 1810 1557 1855 γὰρ
1588 1810 1631 1847 τὰ

921 1864 1049 1911 ἔσχατα
1079 1863 1128 1906 ὥς
1154 1866 1198 1900 τὰ
1221 1869 1356 1910 πρῶτα.
1402 1867 1535 1900 Dictum
1564 1866 1632 1900 for-

919 1929 1007 1955 tasse
1023 1932 1041 1954 e
1053 1921 1135 1955 libro
1152 1921 1261 1965 aliquo
1277 1921 1469 1966 apocrypho
1481 1922 1632 1955 haustum

920 1982 980 2009 est.
1007 1975 1090 2008 Fieri
1106 1983 1215 2009 autem
1233 1975 1333 2009 etiam
1351 1976 1468 2020 potuit,
1484 1981 1518 2009 ut
1535 1976 1633 2009 verba

920 2029 1055 2063 Domini
1084 2029 1161 2063 Luc.
1195 2039 1242 2072 13,
1278 2039 1316 2072 30
1346 2030 1397 2063 vel
1426 2029 1485 2063 Mt.
1519 2040 1567 2074 19,
1593 2039 1632 2072 30

921 2083 978 2116 illo
1003 2084 1104 2116 modo
1128 2084 1168 2116 ab
1191 2083 1300 2127 aliquo
1323 2089 1556 2127 repeterentur,
1580 2085 1633 2128 qui

920 2137 1016 2171 simul
1032 2138 1064 2170 in
1082 2142 1194 2170 mente
1211 2137 1321 2170 habuit
1337 2138 1399 2171 les.
1414 2147 1467 2181 43,
1484 2148 1537 2182 19:
1560 2136 1632 2181 ἐγώ

919 2195 1013 2226 ποιῶ
1047 2189 1154 2226 καινὰ
1186 2195 1260 2225 κτλ.
1294 2192 1346 2225 vel
1381 2192 1486 2236 Apoc.
1518 2201 1568 2233 21,
1601 2201 1632 2234 5:

920 2243 1026 2279 καινὰ
1055 2244 1170 2279 πάντα
1193 2249 1299 2280 ποιῶ.
1331 2246 1450 2286 Resch,
1479 2246 1633 2290 Agrapha

925 2301 1007 2343 1889
1035 2311 1066 2343 p.
1097 2299 1169 2340 261,
1208 2299 1317 2333 locum
1348 2300 1471 2334 dictum
1500 2300 1634 2333 Domini

921 2353 1100 2398 agraphum
1117 2363 1192 2387 esse
1210 2360 1339 2394 censet3
1362 2353 1551 2387 contradicit
1567 2353 1633 2387 Ro-

921 2418 990 2452 pes,
1007 2408 1070 2441 Die
1085 2408 1219 2452 Sprtiche
1230 2408 1299 2451 Jesu
1322 2408 1403 2451 1896
1419 2419 1450 2451 p.
1462 2416 1501 2450 43
1521 2407 1635 2449 (Texte

922 2463 987 2495 und
1014 2461 1286 2505 Untersuchungen
1309 2462 1398 2501 XIV,
1422 2462 1467 2504 2).

969 2526 1015 2559 17.
1035 2516 1087 2549 Cf.
1101 2515 1195 2559 Orig.
1208 2516 1243 2549 ln
1257 2516 1355 2550 Num.
1369 2517 1458 2548 hom.
1473 2514 1590 2555 XXIII,
1603 2523 1634 2554 4.

965 2623 995 2658 6.
1020 2624 1073 2658 Cf.
1097 2624 1120 2664 1,
1145 2632 1176 2663 4,
1201 2633 1230 2657 2.

966 2688 996 2721 7.
1031 2675 1204 2719 ἐννόμους
1233 2697 1272 2701 ——
1303 2674 1546 2720 παρανόμους]
1583 2676 1634 2710 Cf.

921 2732 960 2773 11,
990 2742 1037 2774 14,
1063 2742 1092 2775 7.
1137 2731 1254 2765 Paulus
1278 2732 1291 2765 1
1316 2731 1393 2766 Cor.
1418 2742 1447 2775 9,
1472 2741 1508 2764 21
1535 2732 1576 2764 de
1599 2741 1635 2764 se

921 2787 1046 2819 scribit:
1069 2784 1117 2828 μὴ
1136 2783 1186 2818 α’ὶν
1201 2782 1336 2828 ἄνομος
1356 2788 1458 2827 θεοῦ,
1483 2782 1557 2819 ἀλλ’
1582 2782 1636 2820 ἔν-

920 2852 1030 2882 νομος
1055 2842 1221 2882 Χριστοῦ.
