2457 3436
480 1253 501 1284 5

462 1577 502 1607 10
524 1570 729 1613 studebant
758 1577 797 1611 et
826 1568 1152 1624 concupiscebant
1179 1583 1379 1610 summurn
1408 1568 1685 1612 sacerdotium.
1731 1584 1772 1624 4.
1800 1569 1846 1613 Et
1864 1581 1968 1623 coepe·

462 1900 500 1931 15

1234 881 1304 921 vl.

632 987 661 1028 Ι.
696 988 802 1028 Ante
831 987 963 1027 omnia
992 992 1124 1028 cavete
1154 1000 1295 1028 omnes
1324 987 1503 1028 haereses
1531 985 1628 1028 odio
1659 986 1796 1041 dignas
1821 994 1855 1028 et
1875 985 1954 1027 mals

525 1059 565 1094 et
599 1050 888 1101 abominabiles,
924 1059 962 1093 et
994 1050 1117 1105 fugite
1151 1065 1215 1092 eas
1249 1052 1355 1105 quasi
1389 1052 1523 1105 ignem
1559 1050 1764 1094 ardentem
1796 1059 1892 1107 atque
1916 1048 1957 1091 ad-

524 1117 727 1158 haerentes
756 1117 823 1158 eis.
879 1115 920 1157 Si
948 1117 1034 1171 quis
1062 1116 1168 1157 enim
1197 1116 1364 1158 schisma
1392 1115 1536 1158 faciens
1566 1130 1610 1158 se
1643 1117 1772 1172 ipsum
1800 1115 1846 1159 ad
1867 1116 1961 1170 ignei}

525 1182 763 1224 condemnat
781 1194 857 1223 una
876 1195 966 1223 cum
988 1181 1055 1232 eis,
1084 1181 1150 1236 qui
1170 1181 1296 1235 ipsum
1321 1188 1515 1223 sectantes
1534 1188 1680 1232 errant,
1708 1191 1852 1237 quanto
1866 1179 1963 1235 magis

523 1247 555 1287 si
585 1247 670 1301 quis
698 1247 727 1287 it
756 1246 796 1287 in
825 1246 1004 1287 haereses
1031 1259 1074 1287 se
1102 1246 1364 1299 immergere?
1414 1257 1452 1287 2.
1481 1245 1586 1287 Nam
1617 1246 1695 1288 hoc
1722 1246 1861 1297 sciatis,
1881 1241 1970 1301 qud.

524 1312 554 1352 si
584 1313 669 1366 quis
689 1311 918 1366 principatui
939 1309 1068 1351 studet
1097 1324 1141 1351 ac
1160 1309 1329 1352 schisma
1350 1317 1513 1352 conatur
1536 1309 1678 1362 facere,
1706 1311 1837 1353 locum
1855 1302 1972 1353 con&

524 1384 562 1417 et
597 1376 751 1417 Dathan
788 1383 825 1417 et
859 1374 1023 1416 Abirom
1059 1382 1332 1429 consequetur,
1369 1376 1452 1430 ipse
1488 1382 1527 1417 et
1561 1376 1627 1430 qui
1664 1389 1755 1418 cum
1790 1376 1870 1430 ipso
1895 1379 1972 1427 m,

524 1448 638 1495 atque
672 1440 761 1482 c'um
799 1441 854 1481 eis
893 1440 985 1494 igne
1020 1440 1213 1494 punietur.
1282 1452 1317 1492 3.
1356 1439 1512 1481 Etenim
1550 1440 1669 1482 etiam
1708 1439 1864 1483 Coritae
1893 1444 1974 1482 aff

523 1505 661 1547 levitae
696 1513 734 1547 et
767 1505 808 1545 in
843 1504 1092 1546 tabernaculo
1129 1505 1345 1546 testimonii
1386 1505 1669 1556 ministrabant,
1708 1512 1747 1547 et
1784 1500 1977 1561 princip&-

524 1644 613 1677 runt
642 1648 789 1687 magno
812 1635 917 1675 Mosi
947 1633 1179 1676 maledicere
1206 1642 1390 1689 tanquam
1419 1633 1565 1676 femina
1592 1634 1730 1689 gentili
1758 1634 1885 1686 utenti,
1905 1631 1982 1689 (μ’

523 1700 814 1753 Aethiopissam
849 1712 1013 1741 uxorem
1048 1698 1206 1740 haberet
1242 1705 1281 1740 et
1316 1699 1572 1741 macularetur
1606 1713 1697 1742 cum
1732 1713 1791 1751 ea,
1828 1706 1864 1741 et
1886 1695 1966 1740 indi

524 1764 584 1805 alii
614 1772 652 1806 et
672 1764 814 1806 domus
835 1764 974 1813 Samri,
1004 1765 1070 1818 qui
1089 1762 1378 1805 fornicabantur
1405 1764 1444 1804 in
1465 1762 1636 1815 urbibus,
1666 1778 1758 1806 cum
1775 1764 1963 1819 ipsum

526 1837 564 1871 et
597 1828 776 1883 populus,
812 1830 889 1883 qui·
911 1842 999 1870 cum
1037 1828 1123 1882 ipso
1158 1836 1251 1879 erat,
1286 1828 1511 1870 immundus
1541 1836 1644 1870 esset
1678 1836 1720 1871 et
1744 1827 1854 1871 frater
1879 1826 1962 1882 ipsi!

524 1896 658 1936 Aaron
688 1894 866 1948 princeps
895 1893 1016 1935 factus
1044 1901 1147 1935 esset
1175 1892 1427 1944 idololatriae,
1462 1893 1612 1948 populo
1639 1907 1715 1936 suo
1743 1893 1878 1936 faciens
1897 1903 1960 1933 oon·

524 1959 639 2000 flatile
669 1973 712 2000 ac
742 1958 929 2013 sculptile.

631 2081 652 2112 6
674 2077 773 2111 Num.
801 2076 850 2111 16.
874 2096 912 2100 ---
940 2080 980 2110 12
1004 2076 1103 2110 Num.
1131 2085 1180 2116 12,
1207 2087 1234 2110 1.
1257 2076 1288 2110 8.
1312 2095 1350 2100 —-
1380 2080 1419 2111 13
1441 2076 1541 2111 Num.
1564 2085 1618 2119 ας.

631 2189 652 2219 2
675 2183 881 2228 σχισμάτων
898 2189 935 2225 -ὶ-
954 2186 1015 2219 καὶ
1037 2186 1120 2227 περὶ
1143 2186 1195 2228 (π.
1212 2189 1256 2223 >
1273 2185 1310 2227 b)
1332 2184 1510 2227 αἱρέσεων
1533 2185 1554 2218 b
1569 2195 1592 2219 ο
1613 2186 1659 2227 14
1681 2182 1965 2228 dominum-¹¹18
1997 2204 2000 2232 ς

524 2241 543 2273 b
568 2251 599 2280 o,
622 2237 810 2278 ἀθεώτους
832 2250 862 2279 a,
884 2236 1116 2277 ἀθεωτάτους
1137 2243 1172 2272 a2
1191 2240 1195 2280 ξ
1216 2233 1340 2281 ὥσπερ
1354 2249 1373 2272 a
1389 2249 1398 2272 ε
1417 2235 1466 2278 ὥς
1485 2238 1533 2272 rel
1553 2240 1558 2280 Ι
1577 2243 1598 2274 5
1622 2237 1707 2279 τοὺς
1721 2236 1816 2285 αὐτῷ
1837 2241 1919 2281 222⁰.
1933 2239 1963 2275 >

524 2296 544 2328 b
567 2306 589 2328 o
608 2296 614 2335 Ι
634 2296 808 2337 σχίσματα
836 2297 873 2333 -l-
898 2294 960 2326 καὶ
983 2298 1058 2332 τοῖς
1080 2289 1198 2326 αὐτῶν
1219 2289 1476 2335 πλησιάζουσιν
1497 2289 1695 2335 (wigornae
1716 2295 1755 2337 ο)
1777 2293 1798 2327 b
1817 2295 1892 2334 018
1907 2287 1966 2324 ἆτο-

567 2415 590 2448 1.
624 2413 807 2447 Didascalia
835 2419 909 2446 ante
938 2413 1022 2446 hanc
1053 2412 1234 2446 sectionem
1348 2421 1374 2445 ι.
1399 2411 1452 2446 Cf.
1473 2412 1617 2456 Ps.-lgn.
1639 2411 1743 2447 Trall.
1765 2422 1796 2454 2,
1819 2422 1851 2457 3;
1872 2419 1912 2454 ιο,
1928 2410 1952 2444 8.

524 2474 619 2512 caput
635 2468 674 2501 de
694 2467 781 2500 libris
800 2467 975 2500 educandis
991 2466 1132 2507 exhibet,
1148 2467 1236 2510 quod

524 2533 619 2566 supra
643 2522 698 2561 lv,
724 2531 755 2553 11
786 2521 913 2566 legitur.
1348 2529 1374 2562 3.
1394 2517 1550 2563 Ἀζαρίας
1570 2516 1592 2554 ὖ
1612 2522 1677 2555 καὶ
1698 2517 1823 2565 Ὀζίας]
1842 2521 1863 2555 ἰ.
1875 2517 1977 2554 ιλιι·

770 2577 783 2591 ·
870 2602 884 2616 ,
973 2576 986 2591 ⁸
1300 2573 1374 2614 rias,
1404 2573 1458 2618 qui
1487 2580 1520 2608 et
1542 2572 1645 2609 Ozias
1675 2581 1820 2610 vocam.
1859 2572 1913 2609 mo
1932 2580 1978 2605 ¹¹⁰·

567 2630 589 2663 1.
628 2631 725 2668 Τίνες
753 2630 930 2672 σχίσματα
959 2633 1078 2662 ποιεῖν
1107 2624 1235 2671 τολμὴ-
1299 2628 1389 2661 mine
1410 2637 1526 2672 regem
1549 2628 1694 2673 appellat
1716 2628 1980 2675 liberqmn-

524 2695 650 2722 σαντες
681 2681 724 2717 οὐ
758 2682 930 2726 διέφυγον
956 2680 1021 2725 τὴν
1048 2683 1234 2725 τιμωρίαν.
1299 2692 1390 2725 gum,
1423 2682 1568 2726 exceptis
1595 2682 1747 2717 versibus
1779 2691 1829 2727 30,
1851 2690 1886 2726 32
1905 2686 1934 2715 et
1954 2686 1984 2723 34

524 2737 670 2777 Quinam
705 2738 880 2770 schismata
917 2736 1025 2770 facere
1064 2736 1132 2769 ausi
1166 2746 1233 2769 non
1300 2735 1414 2780 capitis
1436 2735 1509 2776 XV,
1539 2734 1595 2769 ubi
1624 2737 1658 2769 in
1680 2735 1775 2771 Lxx
1796 2741 1901 2772 autem
1921 2735 1986 2768 'nen

524 2791 707 2835 effugerunt
726 2790 930 2835 supplicium.
950 2810 961 2813 -
976 2810 988 2813 -
1015 2789 1155 2824 Codices
1170 2790 1233 2823 hac
1296 2786 1453 2832 Ἀζαρίας
1466 2789 1603 2834 legitur;
1616 2790 1683 2824 hoc
1698 2790 1835 2826 nomine
1847 2788 1989 2833 Pmlipo·

523 2844 734 2889 inscriptione
757 2851 877 2878 carent.
1299 2853 1408 2885 mena,
1432 2850 1572 2887 excepto
1593 2843 1608 2878 1
1631 2842 1738 2881 Pani.
1764 2853 1794 2889 3,
1819 2853 1867 2879 xa.
