2457 3436
790 272 1109 303 CONSTITUTIONUM
1138 273 1400 303 APOSTOLORUM
1428 275 1506 303 vul.
1839 266 1890 303 83

649 368 765 410 XVII
795 367 944 423 (xxvl).
977 368 1022 412 Ὁ
1051 369 1185 418 αὐτὸς
1212 375 1318 426 περὶ
1349 373 1643 426 &mmmmm

515 445 548 474 1.
575 428 837 487 Ἐπορκιστὴς
856 432 909 475 οὔ
923 442 1228 486 χειροτονεῖται,
1257 430 1419 483 εὐνοίας
1437 435 1515 488 γὰρ
1536 433 1723 476 ἑκουσίου
1751 435 1803 477 τὸ
1822 435 1891 476 ἔπ-

389 501 538 539 αθλον
576 501 641 539 καὶ
679 498 846 550 χάριτος
880 502 986 540 θεοῦ
1031 498 1097 539 διὰ
1132 502 1313 552 Χριστοῦ
1355 498 1608 552 ἐπιφοιτήσει
1656 505 1735 541 τοῦ
1774 499 1892 553 ἁγίου

390 562 649 615 πνεύματος·
681 561 704 603 ὁ
724 562 801 616 γὰρ
824 562 966 613 λαβὼν
990 562 1165 615 χάρισμα
1193 562 1379 616 ἰαμάτων
1407 560 1455 606 δι’
1478 560 1780 615 ἀποκαλύψεως
1807 563 1891 606 ὑπὸ

395 632 507 668 θεοῦ
537 624 833 678 ἀναδείκνυται,
866 633 1045 681 φανερᾶς
1080 627 1203 682 οὔσης
1237 633 1361 670 πᾶσιν
1395 635 1469 682 τῆς
1501 629 1546 670 ἐν
1574 626 1690 682 αὐτῷ
1713 629 1890 683 χάριτος.

398 703 437 732 2.
474 691 546 732 ἐὰν
580 693 623 733 δὲ
653 694 767 744 χρεία
802 694 966 747 γένηται
999 688 1128 735 αὐτοῦ
1162 694 1217 741 εἰς
1250 694 1477 735 ἐπίσκοπον
1509 691 1535 749 ἢ
1561 694 1840 748 πρεσβύτερον
1867 693 1891 748 ἢ

398 755 609 807 διάκονον,
635 766 940 810 χειροτονεῖται.

399 832 536 873 XVIII
556 832 720 886 (XXVII).
750 838 953 887 Σίμωνος
974 837 1058 875 τοῦ
1072 839 1327 875 Καναναῖον
1346 833 1436 876 ὑπὸ
1455 836 1614 877 πόσων
1634 837 1893 878 ἐπισκόπων

726 898 893 952 ὀφείλει
922 903 1280 953 χειροτονεῖσθαι
1312 900 1571 948 ἐπίσκοπος.

515 974 548 1003 1.
581 958 707 1014 Κάγώ
725 965 867 1014 Σμων
896 959 919 1004 ὃ
941 965 1174 1011 Καναναῖος
1202 962 1467 1016 διατάσσομαι
1495 960 1604 1016 ὑμῖν,
1633 962 1718 1006 ὑπὸ
1746 964 1892 1006 πόσων

402 1024 554 1076 ὀφείλει
570 1032 895 1079 χειροτονεῖσθαι
914 1027 1148 1076 ἐπίσκοπος.
1198 1040 1235 1069 2.
1263 1025 1346 1069 ὑπὸ
1367 1032 1495 1080 τριῶν
1514 1026 1539 1082 ἢ
1560 1028 1634 1070 δύο
1654 1028 1893 1070 ἐπισκόπων

401 1090 556 1143 ὀφείλει
580 1096 919 1144 χειροτονεῖσθαι.
975 1091 1048 1133 ἐὰν
1083 1093 1127 1134 δέ
1158 1108 1220 1140 τις
1257 1090 1341 1134 ὑπὸ
1376 1091 1471 1142 ἑνὸς
1499 1098 1775 1148 χειροτονηθῆ
1808 1094 1893 1136 ἐπι·-

401 1155 577 1206 σκόπου,
609 1158 896 1207 καθαιρείσθω
930 1158 999 1197 καὶ
1026 1156 1152 1205 αὐτὸς
1179 1159 1248 1198 καὶ
1279 1155 1302 1198 ὁ
1328 1156 1626 1211 χειροτονήσας.
1686 1172 1722 1212 3.
1751 1158 1824 1200 ἐὰν
1851 1161 1894 1200 δὲ

401 1220 558 1274 ἀνάγκη
585 1218 670 1262 ὑπὸ
698 1220 791 1269 ἑνὸς
818 1221 1026 1274 καταλάβῃ
1051 1226 1399 1276 χειροτονηθῆναι
1438 1222 1504 1263 διὰ
1531 1223 1580 1265 τὸ
1608 1223 1661 1277 μὴ
1690 1222 1894 1265 δύνασθαι

400 1287 593 1334 πλείονας
619 1287 933 1339 παραγενέσθαι,
963 1288 1144 1340 διωγμοῦ
1173 1286 1296 1336 ὄντος
1324 1285 1349 1340 ἢ
1375 1284 1498 1340 ἄλλης
1526 1287 1719 1341 τοιαύτης
1747 1290 1891 1339 αἰτίας,

403 1350 590 1405 ψήφισμα
618 1352 850 1403 κομιζέσθω
878 1355 950 1404 τῆς
979 1351 1204 1406 ἐπιτροπῆς
1230 1352 1439 1394 πλειόνων
1467 1351 1717 1394 ἐπισκόπων.

543 1425 641 1467 XIX
671 1425 847 1481 (xxvnl).
890 1431 983 1469 Τοῦ
1007 1427 1148 1469 αὐτοῦ
1172 1429 1354 1477 κανόνες
1383 1431 1747 1481 ἐκκλησιαστικοί.

517 1503 549 1531 1.
574 1487 817 1539 Ἐπίσκοπος
840 1489 1007 1545 εὐλογεῑ,
1038 1491 1116 1533 οὐκ
1135 1491 1371 1545 εὐλογεῖται,
1397 1501 1635 1544 χειροτονεῖ,
1660 1495 1894 1546 προσφέρει,

400 1554 593 1608 εὐλογίαν
621 1554 734 1607 παρὰ
752 1555 993 1597 ἐπισκόπων
1021 1555 1229 1609 λαμβάνει,
1257 1555 1369 1609 παρὰ
1397 1558 1440 1598 δὲ
1459 1559 1747 1610 πρεσβυτέρων
1776 1557 1894 1599 οὐδα-

398 1625 500 1672 μῶς.
537 1619 762 1667 ἐπίσκοπος
782 1625 975 1672 καθαιρεῖ
990 1621 1129 1662 πάντα
1148 1621 1343 1675 κληρικὸν
1359 1620 1475 1673 ἄξιον
1495 1620 1599 1663 ὄντα
1618 1625 1895 1675 καθαιρέσεως

399 1683 510 1739 πλὴν
536 1683 781 1726 ἐπισκόπου·
810 1684 936 1738 μόνος
960 1686 1039 1738 γὰρ
1066 1682 1139 1738 οὐχ
1159 1684 1244 1735 οἶός
1263 1702 1318 1728 τε.
1368 1698 1404 1728 2.
1433 1685 1706 1739 πρεσβύτερος
1725 1686 1895 1741 εὐλογεῑ,

400 1746 478 1791 οὐκ
506 1748 743 1802 εὐλογεῖται,
773 1746 958 1803 εὐλογίας
984 1751 1140 1803 δέχεται
1168 1751 1280 1803 παρὰ
1308 1750 1535 1793 ἐπισκόπου
1555 1754 1622 1792 καὶ
1642 1756 1893 1805 συμπρεσβι·-

399 1816 536 1867 τέρου,
567 1811 766 1862 ὡσαύτως
794 1815 1002 1856 ἐπιδίδωσι
1030 1817 1388 1868 συμπρεσβυτέρῳ·
1423 1820 1661 1869 χειροθετεῖ,
1692 1815 1743 1858 οὐ
1765 1831 1896 1869 χειρο-

400 1888 525 1929 τονεῖ,
566 1877 619 1921 ου’
651 1883 854 1931 καθαιρεῖ,
897 1878 1077 1932 ἀφορίζει
1110 1882 1152 1922 δὲ
1186 1880 1287 1928 τοὺς
1320 1878 1645 1935 ὑποβεβηκότας,
1685 1882 1759 1922 ἐὰν
1795 1875 1896 1922 ὦσιν

399 1942 636 1985 ὑπεύθυνοι
674 1949 726 1996 τῇ
761 1943 932 1996 τοιαύτῃ
968 1947 1152 1999 τιμωρίᾳ.
1214 1957 1248 1997 3.
1286 1944 1479 1993 διάκονος
1517 1944 1595 1987 οὐκ
1634 1945 1805 1999 εὖλογεῖ,
1844 1946 1898 1988 ου’

400 2010 572 2050 δίδωσιν
599 2007 800 2062 εὐλογίαν,
831 2008 1026 2061 λαμβάνει
1055 2011 1097 2050 δὲ
1124 2009 1236 2061 παρὰ
1264 2009 1492 2051 ἐπισκόπου
1517 2013 1584 2051 καὶ
1605 2013 1894 2064 πρεσβυτέρου,

401 2070 451 2114 οὐ
479 2075 677 2125 βαπτίζει,
714 2069 764 2115 οὗ
791 2076 1024 2126 προσφέρει,
1058 2080 1137 2116 τοῦ
1165 2076 1207 2116 δὲ
1236 2074 1466 2116 ἐπισκόπου
1493 2077 1845 2129 προσενεγκόντος
1872 2074 1895 2130 ἢ

512 2184 530 2215 1
555 2175 576 2215 ὃ
599 2177 707 2221 αὐτὸς
728 2189 762 2216 >
787 2192 802 2214 r
823 2184 826 2222 Ι
846 2185 867 2215 5
888 2185 999 2215 πᾶσιν
1021 2183 1040 2215 b
1064 2181 1094 2215 C
1116 2194 1124 2215 :
1148 2179 1264 2225 πάσης
1285 2182 1332 2215 rel
1353 2184 1357 2223 Ι
1383 2186 1403 2217 6
1427 2182 1479 2222 είς
1502 2181 1701 2217 ἐπίσκοπον
1723 2187 1796 2217 κτλ.
1821 2195 1897 2217 cum

401 2233 614 2279 sequentibus
637 2235 817 2269 construxit
839 2235 859 2268 b
885 2237 888 2274 Ι
915 2232 936 2279 ἢ
960 2262 968 2269 .
992 2262 999 2269 .
1026 2233 1046 2279 ἢ
1070 2237 1089 2268 b
1114 2235 1130 2269 f
1149 2235 1177 2269 C
1202 2248 1209 2268 :
1235 2233 1255 2279 ἢ
1281 2235 1332 2275 εἰς
1355 2262 1363 2271 .
1388 2262 1395 2269 .
1421 2233 1442 2279 ἢ
1467 2236 1519 2275 εἰς
1542 2237 1589 2269 rel
1616 2238 1619 2277 ξ
1647 2240 1669 2271 8
1694 2239 1897 2271 Καναναῖον

404 2292 439 2329 4
459 2285 620 2329 διάταξις
633 2289 655 2321 b
676 2290 680 2329 Ι
698 2290 756 2330 819
780 2288 977 2329 ἐπίσκοπος
995 2316 1003 2323 .
1018 2315 1027 2324 .
1048 2316 1056 2324 .
1076 2286 1285 2324 ἐπισκόπων
1300 2289 1316 2322 f
1332 2291 1336 2330 Ι
1358 2293 1398 2324 10
1421 2287 1546 2324 πόσων
1563 2293 1600 2331 -ὶ-
1620 2288 1827 2324 ἐπισκόπων
1852 2291 1866 2324 f
1885 2294 1890 2335 Ι

405 2346 443 2376 12
468 2338 533 2377 ἐάν
556 2354 564 2375 :
589 2342 625 2376 εἰ
647 2342 680 2386 ΕΙ
706 2347 743 2376 13
766 2344 828 2377 καὶ
851 2353 906 2376 sec
927 2352 963 2379 >
987 2344 1007 2376 b
1034 2345 1038 2383 1
1067 2347 1106 2377 14
1129 2340 1330 2386 καταλάβοι
1354 2344 1374 2376 b
1394 2345 1400 2385 Ι
1422 2347 1460 2377 17
1484 2347 1548 2378 τοῦ
1572 2341 1684 2378 αὐτοῦ
1709 2356 1742 2378 κ.
1768 2344 1864 2379 ἐκκλ.
1889 2357 1897 2378 :

401 2397 486 2439 περὶ
501 2393 667 2430 κανόνων
685 2395 992 2440 ἐκκλησιαστικῶν
1006 2399 1172 2439 Σίμωνος
1193 2401 1259 2432 τοῦ
1274 2399 1471 2431 καναναιόυ
1494 2409 1524 2438 ν,
1549 2399 1603 2442 qui
1626 2404 1702 2431 ante
1717 2399 1783 2432 hoc
1801 2405 1897 2443 caput

402 2450 501 2483 aliam
519 2450 712 2494 scripturam
726 2451 849 2492 inserit,
873 2453 1040 2493 Σίμωνος
1057 2454 1121 2486 τοῦ
1140 2453 1336 2486 κανανιιιόυ
1354 2449 1512 2491 διάταξις
1538 2449 1734 2495 (διατάξεις
1751 2463 1816 2487 sec.
1837 2455 1897 2495 m.)

402 2503 632 2547 ἐκκλησιαστ.
655 2515 684 2545 a,
707 2505 761 2548 qui
785 2506 891 2548 capita
908 2505 1015 2538 XVIII
1031 2505 1124 2538 —XX
1149 2510 1223 2549 post
1247 2511 1373 2549 partem
1390 2506 1420 2538 V
1437 2506 1578 2547 exhibet,
1603 2506 1644 2539 cs.
1663 2507 1852 2550 Prolegom.
1886 2510 1889 2550 ξ

404 2561 445 2592 19
467 2557 720 2602 πρεσβυτέρου
741 2569 776 2591 m
798 2569 821 2591 n
841 2564 845 2600 Ι
865 2562 917 2593 20.
940 2562 985 2593 24
1007 2561 1179 2602 καθαίρει
1203 2570 1238 2592 m
1260 2570 1283 2591 n
1306 2571 1325 2591 v
1347 2560 1350 2601 Ι
1370 2563 1411 2593 21
1436 2555 1515 2593 οἶόν
1531 2571 1569 2594 τε
1594 2571 1613 2592 a
1633 2571 1636 2601 Ι
1656 2564 1699 2594 22
1723 2560 1860 2603 δέχεται
1888 2573 1895 2594 :

403 2612 442 2647 δὲ
465 2623 485 2646 a
504 2613 510 2653 Ι
529 2615 572 2646 28
595 2615 798 2656 συμπρεσβ.
817 2615 854 2653 -Ι-
875 2612 1014 2656 δέχεται
1031 2624 1050 2646 a
1070 2631 1074 2655 ς
1096 2609 1269 2652 ὡσαύτως
1291 2612 1345 2648 ἐπ.
1362 2624 1483 2656 συμπρ
1517 2625 1535 2647 a
1553 2626 1573 2646 v
1590 2613 1618 2647 C
1634 2626 1641 2647 :
1659 2622 1693 2649 >
1714 2615 1733 2646 b
1751 2613 1767 2646 f
1780 2625 1814 2647 m
1833 2626 1853 2647 n
1887 2624 1890 2655 ζ

402 2670 447 2701 25
468 2669 513 2709 τῇ
534 2678 566 2700 τ.
587 2673 741 2712 τιμωρίᾳ
764 2674 799 2701 >
824 2677 843 2699 a
862 2669 866 2708 Ι
887 2664 930 2702 ου’
955 2678 962 2700 ;
987 2665 1070 2702 οὐδὲ
1094 2678 1113 2700 a
1138 2673 1141 2709 ξ
1167 2670 1208 2701 27
1233 2664 1277 2702 οὐ
1298 2671 1406 2710 βαπτ.
1430 2665 1473 2701 ου’
1498 2679 1504 2701 :
1530 2665 1612 2703 οὐδὲ
1635 2679 1654 2700 a
1675 2670 1679 2710 Ι
1698 2668 1896 2711 προσφέρει

406 2724 443 2759 -Ι-
470 2717 544 2754 ἀλλ’
573 2714 658 2755 οὔτε
685 2722 853 2763 βαπτίζει
876 2732 895 2753 a
922 2725 925 2763 ξ
951 2718 1261 2764 προσενεγκόντος
1284 2720 1513 2764 (-νε’γκαντος
1535 2722 1570 2764 a)
1592 2722 1624 2754 h.
1650 2722 1670 2755 1.
1694 2734 1714 2754 v
1738 2722 1766 2755 C
1792 2734 1798 2755 :
1824 2729 1898 2766 post

403 2776 655 2818 πρεσβυτέρου
677 2773 724 2807 rel

1727 2831 1766 2863 15*

1915 641 1935 672 5

1918 977 1958 1008 10

1919 1302 1958 1332 15

1918 1634 1961 1665 20

1918 1957 1960 1987 25
