2457 3436
1114 361 1343 391 semproms.
1899 351 1978 390 183

470 459 544 513 qui
565 456 810 499 descendunt
835 464 874 499 et
892 455 1145 511 baptizantur,
1176 456 1306 499 divina
1324 458 1458 512 gratia.
1509 469 1543 510 3.
1573 458 1724 497 Amans
1754 457 1977 507 bominum,

476 521 669 573 benefice,
698 535 811 576 parce
829 529 919 565 tuae
938 521 1120 573 facturae,
1148 522 1251 564 salva
1281 529 1495 564 creaturam
1515 536 1537 563 a
1556 521 1712 563 dextera
1732 529 1797 563 tua
1817 521 1977 573 factam;

475 587 607 629 forma
635 601 791 637 omnes,
819 587 886 642 qui
913 594 1207 640 regenerantur,
1238 586 1368 629 divina
1397 594 1435 629 et
1463 586 1645 628 ineffabili
1675 594 1739 628 tua
1765 586 1905 638 forma,
1936 595 1979 629 ut

476 667 544 704 eo,
579 652 688 708 quod
715 650 872 694 formati
899 666 944 693 ac
972 653 1191 706 regenerati
1219 660 1322 702 sunt,
1362 652 1498 694 salvari
1526 652 1679 707 possint
1708 658 1747 693 et
1775 666 1889 706 regno
1916 660 1979 693 tuo

472 718 587 772 digni
615 717 708 759 fieri.
764 732 802 771 4.
838 717 886 759 Et
919 718 1019 759 sicut
1047 716 1209 759 verbum
1238 725 1350 759 tuum
1387 718 1632 771 unigenitum
1663 716 1905 759 descendens
1934 718 1973 758 in
2021 726 2042 757 5

473 796 598 837 aquas
625 781 802 823 Iordanis
831 795 894 823 eas
921 789 1073 823 sanctas
1102 781 1287 833 ostendit,
1317 782 1368 823 ita
1397 789 1436 823 et
1465 796 1570 823 nunc
1599 783 1638 823 in
1668 782 1736 823 has
1766 781 1977 823 descendat

474 861 622 902 easque
649 854 801 889 sanctas
831 854 869 889 et
886 846 1104 902 spirituales
1132 846 1282 898 reddat,
1312 861 1363 888 ne
1383 846 1603 901 baptizandi
1632 847 1796 900 amplius
1825 860 1916 889 caro
1938 854 1977 888 et

472 913 639 966 sanguis
658 912 750 962 siut,
769 911 839 953 sed
857 911 1075 966 spirituales
1094 912 1327 967 possintque
1346 919 1385 954 te
1405 911 1568 953 adorare
1588 920 1737 966 patrem
1758 914 1974 954 increatum

472 991 549 1031 per
583 977 713 1018 Iesum
747 976 948 1019 Christum
986 977 1026 1019 in
1062 984 1198 1019 sancto
1233 977 1381 1031 spiritu,
1416 991 1486 1031 per
1520 991 1640 1032 quem
1674 977 1743 1019 tibi
1777 977 1902 1031 gloria
1937 985 1976 1019 et

473 1042 690 1097 imperium
720 1050 758 1083 et
786 1056 891 1083 nunc
921 1049 959 1084 et
987 1042 1027 1082 in
1056 1042 1191 1083 omnia
1219 1041 1370 1083 saecula
1397 1041 1657 1093 saeculorum,
1686 1056 1813 1084 amen.
2001 1050 2043 1081 10

1108 1268 1189 1309 XX
1222 1267 1348 1323 (vni).

933 1346 1086 1387 oratio
1113 1355 1197 1396 pro
1224 1346 1522 1396 baptizandis.

595 1434 628 1462 1.
649 1421 915 1475 Deprecamur
933 1426 986 1470 te,
1004 1420 1108 1461 Deus
1125 1420 1307 1470 veritatis,
1326 1433 1399 1474 pro
1420 1420 1497 1462 hoc
1518 1428 1587 1461 tuo
1607 1433 1722 1461 servo
1744 1428 1783 1462 et
1803 1434 1976 1471 oramus,

477 1494 522 1526 ut
552 1484 723 1539 digneris
758 1499 848 1526 eum
884 1484 1018 1526 divino
1047 1485 1237 1539 mysterio
1274 1492 1312 1526 et
1340 1485 1639 1538 regeneratione
1675 1492 1738 1526 tua
1773 1484 1975 1537 ineffabili;

475 1550 548 1592 tibi
578 1551 697 1601 enim,
726 1564 861 1591 amans
889 1549 1111 1600 hominum,
1139 1563 1244 1591 nunc
1273 1549 1447 1600 offertur,
1477 1548 1545 1591 tibi
1574 1563 1663 1591 eum
1685 1563 1974 1592 consecramus.

480 1627 517 1656 2.
539 1615 710 1669 Largire,
730 1622 771 1657 ut
791 1615 905 1656 huius
925 1614 1077 1656 divinae
1096 1614 1406 1668 regenerationis
1426 1615 1618 1669 particeps
1638 1614 1717 1666 fiat,
1738 1629 1788 1656 ne
1807 1615 1974 1671 amplius
2001 1622 2040 1654 15

477 1679 527 1722 ab
561 1680 640 1722 ullo
669 1680 827 1722 sinistro
863 1687 902 1722 et
930 1680 1066 1734 iniquo
1100 1688 1247 1733 agatur,
1282 1678 1352 1721 sed
1386 1686 1428 1721 ut
1460 1678 1529 1721 tibi
1564 1680 1704 1722 serviat
1739 1682 1907 1722 omnino
1938 1689 1976 1722 et

479 1744 663 1787 mandata
689 1753 756 1787 tua
785 1743 977 1787 custodiat
1005 1745 1209 1798 unigenito
1238 1752 1307 1786 tuo
1328 1743 1449 1785 verbo
1470 1745 1599 1799 ipsum
1620 1745 1846 1797 comitante,
1876 1760 1973 1801 quo-

480 1811 586 1851 niam
618 1823 686 1864 per
714 1824 803 1851 eum
833 1809 901 1851 tibi
929 1809 1053 1862 gloria
1089 1816 1128 1851 et
1156 1809 1363 1864 imperium
1403 1810 1441 1850 in
1470 1817 1608 1852 sancto
1637 1810 1772 1864 spiritu
1803 1817 1841 1852 et
1870 1825 1974 1852 nunc

479 1883 520 1917 et
548 1876 588 1916 in
619 1875 752 1916 omnia
780 1874 929 1917 saecula
959 1874 1217 1926 saeculorum,
1246 1888 1376 1917 amen.

1113 2047 1212 2089 XXI
1241 2047 1337 2102 (lx).

846 2126 951 2167 Post
978 2125 1419 2166 abrenuntiationem
1448 2125 1610 2167 oratio.
1996 2129 2040 2160 20

590 2199 766 2241 Domine
800 2200 1068 2254 omnipotens,
1106 2200 1295 2253 consigna
1329 2199 1599 2241 assensionem
1635 2200 1747 2241 huius
1782 2201 1839 2241 tui
1874 2202 1974 2241 servi

479 2264 530 2306 ad
565 2273 604 2305 te
640 2278 743 2306 nunc
778 2263 918 2305 factam
954 2271 993 2306 et
1028 2263 1181 2306 custodi
1216 2263 1498 2306 immutabilem
1533 2265 1616 2306 eius
1651 2263 1823 2306 habitum
1859 2273 1974 2320 atque

480 2343 628 2380 mores,
657 2343 708 2371 ne
737 2328 901 2383 amplius
920 2329 1117 2384 peioribus
1137 2330 1343 2380 ministret,
1372 2328 1441 2370 sed
1462 2330 1501 2370 in
1520 2330 1603 2370 Deo
1621 2331 1791 2370 veritatis
1812 2343 1973 2384 operam

480 2394 549 2437 det
580 2403 616 2437 et
644 2394 713 2437 tibi
741 2394 922 2436 omnium
952 2394 1117 2436 creatori
1145 2394 1299 2446 serviat,
1329 2402 1371 2436 ut
1397 2393 1589 2449 perfectus
1619 2401 1658 2436 et
1682 2394 1876 2448 genuinus
1903 2394 1974 2437 tibi

480 2458 712 2501 ostendatur
739 2473 808 2514 per
836 2459 1081 2513 unigenitum
1110 2465 1223 2500 tuurn
1252 2458 1379 2501 Iesum
1411 2459 1626 2510 Christum,
1661 2473 1729 2513 per
1758 2473 1874 2514 quern
1905 2459 1971 2501 tibi
1995 2464 2041 2496 25

479 2524 606 2579 gloria
636 2533 674 2566 et
702 2525 909 2578 imperium
938 2525 977 2566 in
1007 2531 1144 2566 sancto
1173 2524 1308 2578 spiritu
1341 2531 1379 2566 et
1399 2539 1502 2566 nunc
1534 2531 1572 2566 et
1600 2525 1639 2565 in
1661 2525 1796 2565 omnia
1824 2524 1976 2566 saecula

480 2589 741 2640 saeculorum,
770 2603 898 2630 amen.

525 2763 617 2797 XXI.
651 2762 726 2796 Vox
749 2759 912 2806 ἅποταγὴ
935 2762 989 2796 hic
1012 2762 1108 2796 simul
1130 2760 1195 2805 τὴν
1260 2760 1459 2802 κατάθεσις
1490 2763 1619 2796 indicat.
1665 2761 1716 2796 Cf.
1747 2762 1888 2796 Constit.
1924 2774 1975 2804 ap.

482 2815 663 2860 συνταγὴν
674 2816 726 2850 vel
744 2812 942 2860 ὁμολογίαν
957 2817 1194 2860 complectitur,
1261 2817 1332 2858 VII,
1357 2826 1408 2857 4¹·

483 2879 517 2904 ut
547 2871 695 2905 oratione
724 2871 856 2904 ineunte
885 2870 1080 2904 vocabulum
1109 2882 1195 2915 συγ-
