2457 3436
460 347 535 386 118
1047 353 1364 384 coxsnrurionsss

572 454 631 494 18.
662 452 807 493 Iterum
837 465 939 500 ores,
970 450 1192 504 priusquam
1222 451 1432 504 requiescis
1461 451 1503 491 in
1533 449 1646 492 lectu
1676 459 1766 493 tuo.
1829 464 1882 504 19.
1909 452 1943 493 Et

459 517 588 559 media
617 524 735 558 nocte
764 517 802 557 in
826 516 928 557 lectu
957 523 1028 556 tuo
1058 528 1271 569 exsurgens
1299 515 1403 556 laves
1432 523 1471 557 te
1500 523 1625 570 atque
1655 530 1772 568 ores;
1801 517 1897 558 laves
1917 526 1946 559 te

461 591 593 624 autem
624 596 721 636 aqua
751 581 908 622 munda.
958 592 1022 622 20.
1052 580 1092 621 Si
1122 593 1286 621 uxorem
1314 580 1444 631 habeS‚
1475 582 1600 622 oretis
1633 581 1760 623 simul
1789 582 1948 624 invicem.

460 647 527 688 Sin
559 646 736 688 nondum
768 645 892 687 fidelis
921 652 991 695 est,
1022 644 1209 686 recedens
1238 645 1343 687 solus
1372 659 1475 695 ores,
1511 652 1552 687 et
1581 647 1734 687 iterum
1768 649 1950 688 revertaris

417 724 438 755 5
460 713 501 753 in
530 711 662 753 locum
691 719 815 752 tuum.
874 723 936 751 21.
971 710 1036 751 Tu
1071 719 1202 751 autem
1237 711 1490 752 matrimonio
1523 709 1676 764 ligatus
1716 726 1770 753 ne
1806 720 1952 767 praeter-

462 777 592 818 mittas
621 790 750 827 orare3
790 790 880 816 nam
911 790 992 816 non
1024 775 1114 816 estis
1144 774 1341 825 maculati3
1370 776 1436 829 qui
1466 776 1572 816 enim
1604 790 1700 818 sese
1730 776 1953 826 lavaverunt,

463 842 518 883 eis
546 855 628 882 non
659 855 758 895 opus
788 848 845 882 est
874 844 1013 881 iterum
1050 854 1092 881 se
1125 839 1264 890 lavare,
1298 841 1483 895 quoniam
1520 840 1723 895 purificati
1758 856 1806 883 ac
1835 841 1953 883 mundi

462 913 565 947 sunt.
615 917 677 945 22.
708 906 755 946 Et
784 918 942 946 manum
971 912 1078 946 tuam
1099 904 1233 946 afflans
1253 913 1370 959 teque
1394 905 1510 947 saliva
1531 906 1614 947 oris
1635 907 1698 948 tui
1729 908 1953 961 consignans

462 978 569 1012 totus
605 969 774 1011 mundus
809 984 850 1010 es
884 984 1006 1024 usque
1041 969 1087 1011 ad
1123 969 1242 1024 pedes
1277 977 1380 1011 tuos.
1437 982 1501 1024 23.
1536 970 1631 1011 Hoc
1669 973 1782 1013 enim
1819 971 1951 1013 donum

401 1047 441 1078 10
463 1036 618 1089 spiritus
648 1036 770 1076 sancti
800 1042 870 1085 est,
910 1042 949 1076 et
982 1042 1114 1089 guttae
1142 1049 1262 1089 aquae
1290 1035 1502 1089 baptismus
1531 1043 1639 1085 sunt,
1680 1036 1952 1079 descendentes

465 1113 487 1141 e
506 1098 629 1150 fonte,
660 1099 735 1141 hoc
756 1107 813 1141 est
834 1099 953 1141 corde
972 1098 1110 1150 fidelis,
1134 1099 1379 1153 purificantes
1399 1099 1641 1141 credentem.
1696 1113 1763 1155 24.
1795 1102 1952 1144 Necesse

465 1171 524 1205 est
552 1164 693 1205 iterum
723 1178 797 1205 nos
832 1164 892 1205 illa
922 1165 1018 1206 hora
1047 1178 1177 1215 orare3
1213 1178 1380 1219 namque
1415 1164 1631 1219 presbyteri
1670 1166 1782 1208 hunc
1811 1181 1950 1208 morem

465 1228 579 1269 nobis
607 1228 846 1270 tradiderunt
877 1244 1028 1284 nosque
1057 1229 1287 1280 docuerunt,
1316 1237 1358 1271 ut
1388 1230 1437 1271 ita
1464 1243 1538 1270 nos
1559 1229 1755 1272 lavemus.
1807 1243 1871 1284 25.
1896 1232 1950 1273 Illa

465 1294 561 1334 hora
602 1295 706 1334 enim
747 1302 830 1335 tota
870 1303 1041 1336 creatura
1078 1295 1283 1349 requiescit
1321 1294 1556 1336 benedicens
1593 1294 1745 1337 Deum.
1811 1296 1949 1344 Stellae,

402 1370 442 1401 15
466 1358 622 1400 arbores
657 1366 695 1400 et
728 1373 849 1413 aquae
888 1367 977 1400 sunt
1014 1360 1113 1401 sicut
1150 1366 1294 1401 stantes
1301 1376 1313 1410 ;
1351 1367 1457 1401 totus
1495 1360 1690 1401 exercitus
1730 1362 1947 1415 angelorum

465 1424 722 1465 ministerium
754 1423 908 1465 exhibet
943 1438 1031 1465 cum
1061 1424 1261 1465 animabus
1297 1425 1506 1476 iustorum3
1547 1423 1795 1468 benedicunt
1831 1427 1948 1468 Deum

467 1489 782 1542 omnipotentem
804 1488 865 1530 illa
885 1489 999 1540 hora3
1021 1488 1124 1539 ideo,
1143 1490 1207 1543 qui
1229 1488 1405 1539 credunt,
1426 1488 1486 1530 illa
1507 1489 1602 1531 hora
1623 1497 1756 1531 orent.
1795 1493 1858 1532 26.
1878 1491 1947 1533 Do-

467 1553 596 1594 minus
615 1562 744 1596 autem
766 1554 821 1594 sic
841 1554 994 1595 locutus
1015 1561 1072 1595 est
1093 1554 1187 1595 haec
1206 1561 1369 1596 testans:
1397 1554 1528 1595 Media
1547 1562 1651 1595 nocte
1669 1555 1820 1597 clamor
1836 1557 1947 1607 factus

467 1626 539 1659 est:
563 1633 653 1668 ecce,
673 1627 823 1673 sponsus
841 1620 942 1659 venit
949 1636 963 1669 ;
989 1620 1036 1659 ite
1055 1619 1201 1660 obviam
1222 1620 1267 1659 ei.
1316 1631 1378 1672 27.
1406 1619 1453 1660 Et
1471 1619 1600 1660 intulit
1619 1619 1785 1662 verbum
1809 1620 1946 1663 dicens:

401 1693 446 1725 20
467 1683 552 1725 Ideo
579 1683 736 1738 vigilate
741 1698 759 1733 ‚⁴
785 1686 935 1725 nescitis
969 1685 1065 1725 enim
1099 1684 1195 1725 diem
1229 1698 1343 1739 neque
1377 1683 1520 1734 horam,
1555 1697 1630 1739 qua
1656 1684 1771 1739 filius
1804 1686 1948 1727 hominis

466 1750 605 1789 veniat.

577 1814 641 1854 28.
662 1812 845 1854 Similiter
865 1827 1077 1867 exsurgens
1097 1814 1205 1864 hora,
1225 1828 1299 1868 qua
1318 1812 1439 1867 gallus
1458 1820 1599 1864 cantat,
1620 1828 1725 1856 ores.
1767 1827 1832 1867 29.
1853 1815 1949 1856 Hora

469 1879 573 1919 enim
595 1877 656 1919 illa
671 1877 736 1918 filii
754 1878 868 1919 Israel
879 1877 1078 1920 Christum
1096 1886 1348 1932 negaverunt,
1360 1893 1478 1933 quem
1495 1891 1569 1919 nos
1582 1878 1792 1921 credentes
1813 1882 1853 1921 in
1867 1894 1947 1921 eum

469 1957 536 1996 per
564 1942 682 1984 fidem
714 1943 988 1996 cognovimus,
1019 1944 1268 1998 respicientes
1297 1943 1400 1998 pleni
1427 1957 1496 1998 spe
1522 1942 1629 1984 diem
1648 1943 1748 1985 lucis
1768 1953 1952 1993 aeternae,

402 2018 444 2050 25
468 2022 566 2062 quae
595 2006 737 2050 lucebit
766 2008 878 2049 nobis
907 2009 947 2049 in
975 2017 1176 2050 aeternum
1206 2009 1246 2049 in
1274 2009 1560 2050 resurrectione
1591 2016 1860 2051 mortuorum.

580 2085 642 2124 30.
673 2073 788 2122 Quae
817 2074 862 2123 si,
892 2072 1026 2114 fideles
1055 2087 1210 2124 omnes,
1238 2072 1474 2127 perfeceritis
1504 2079 1544 2114 et
1563 2074 1761 2115 memoria
1780 2081 1953 2116 tenentes

468 2138 635 2178 invicem
673 2137 882 2179 docueritis
919 2146 957 2179 et
992 2138 1296 2179 catechumenos
1330 2152 1374 2179 ea
1407 2137 1532 2179 facere
1569 2139 1829 2191 institueritis,
1867 2138 1955 2180 nihil

468 2216 540 2243 vos
569 2201 732 2243 tentabit
762 2217 889 2257 neque
918 2204 957 2244 in
987 2211 1187 2244 aeternum
1218 2202 1375 2253 cadetis,
1404 2203 1435 2243 si
1464 2205 1577 2244 omni
1604 2211 1793 2258 tempore
1816 2204 1955 2247 Christi

468 2266 740 2308 recordamini.
801 2280 862 2320 31.
893 2268 1038 2322 Accipe
1069 2268 1144 2310 hoc
1175 2282 1324 2310 nomen
1359 2268 1470 2308 omni
1500 2268 1610 2318 hora,
1646 2267 1825 2310 frontem
1856 2276 1954 2311 tuam

402 2340 445 2371 80
467 2333 610 2373 timore
639 2332 818 2386 signans;
848 2333 923 2374 hoc
952 2333 1057 2374 enim
1088 2341 1146 2375 est
1175 2335 1329 2387 signum
1356 2341 1497 2374 notum
1518 2347 1562 2374 ac
1582 2332 1853 2385 manifestum,
1882 2347 1956 2388 quo

577 2444 617 2473 18
639 2440 753 2473 Matth.
779 2450 830 2482 25,
853 2440 883 2473 6.
908 2460 949 2466 -
971 2444 1015 2475 20
1037 2441 1152 2474 Matth.
1176 2450 1228 2483 25,
1254 2450 1302 2484 ¹3·

575 2540 631 2578 2,,’3
655 2537 744 2571 laves
762 2556 802 2562 —
821 2538 940 2571 munda
957 2542 1000 2577 >
1020 2538 1046 2572 L
1067 2540 1070 2577 Ι
1090 2542 1111 2572 4
1135 2537 1225 2571 solus
1249 2550 1256 2571 :
1281 2539 1314 2571 in
1336 2537 1400 2571 alio
1424 2537 1575 2572 cubiculo
1598 2537 1624 2571 L
1642 2539 1649 2581 Ι
1669 2541 1727 2579 8,.-9
1752 2545 1786 2572 ct
1804 2559 1844 2565 --
1860 2545 1932 2572 tuos
1950 2550 1957 2570 ε

468 2602 526 2633 per
549 2591 834 2635 consignationem
858 2603 932 2625 cum
957 2593 1021 2625 udo
1044 2592 1122 2625 flatu
1145 2599 1178 2625 et
1203 2603 1261 2636 per
1283 2602 1417 2625 manum
1440 2592 1589 2636 spiritum
1612 2592 1821 2636 amplectens
1844 2602 1957 2636 corpus

465 2649 557 2677 tuum
575 2655 676 2689 usque
693 2645 733 2678 ad
749 2646 850 2689 pedes
874 2645 1110 2679 sanctificatum
1126 2652 1176 2679 est
1191 2646 1218 2680 L
1237 2648 1242 2688 Ι
1263 2648 1334 2686 9111
1352 2645 1416 2680 hoc
1435 2665 1476 2670 —
1491 2646 1682 2679 credentem
1700 2658 1707 2680 :
1724 2646 1851 2680 donum
1874 2647 1957 2680 enim

465 2699 595 2740 spiritus
613 2704 644 2731 et
662 2698 783 2732 infusio
798 2699 926 2740 lavacri,
952 2701 1045 2733 sicuti
1061 2710 1100 2733 ex
1121 2699 1212 2734 fonte
1231 2700 1330 2734 corde
1348 2699 1502 2733 credente
1519 2710 1595 2733 cum
1611 2699 1759 2742 offertur,
1784 2700 1956 2733 sanctificat

465 2761 551 2792 eum,
575 2753 628 2795 qui
653 2753 788 2785 credidit
812 2753 838 2787 L
863 2755 869 2795 Ι
896 2758 937 2788 14
959 2755 1132 2799 requiescit
1156 2766 1164 2789 :
1189 2759 1225 2794 4-
1249 2754 1289 2788 ad
1312 2759 1519 2787 momentum
1543 2754 1708 2798 quoddam
1733 2754 1759 2788 L
1780 2758 1786 2797 Ι
1817 2759 1857 2789 15
1879 2755 1957 2787 sicut

463 2810 587 2838 stantes
612 2818 619 2839 z
643 2813 728 2839 stare
753 2808 784 2840 in
809 2809 873 2841 ictu
897 2808 922 2841 L
943 2810 947 2848 ξ
967 2812 1010 2842 20
1033 2809 1120 2842 diem
1145 2829 1186 2834 -—
1209 2808 1354 2842 hominis
1378 2820 1385 2841 :
1409 2819 1471 2853 qua
1489 2808 1571 2842 hora
1596 2808 1622 2841 L
1641 2810 1646 2849 Ι
1665 2811 1710 2843 23
1734 2809 1904 2842 credentes
1926 2808 1956 2839 in

462 2866 539 2891 eum
561 2863 605 2897 >
629 2859 655 2893 L
