2457 3436
892 363 1157 394 nos-romanu
1185 363 1265 401 viu,
1292 365 1324 402 2,
1347 365 1401 396 3—
1410 365 1441 397 e.
1829 354 1909 393 469

452 472 470 500 ι.
494 459 645 500 Etenim
677 466 717 501 et
744 458 895 500 Balaam
930 458 1031 500 filius
1065 459 1168 501 Beor
1195 466 1302 500 vates
1338 460 1595 515 prophetavit,
1631 460 1718 501 licet
1754 460 1908 514 impiu5‚

452 524 663 578 tCaiphas,
692 523 789 565 falso
808 525 1034 565 nominatus
1062 523 1255 578 pontifex3
1286 524 1405 566 multa
1425 538 1582 579 quoque
1604 524 1778 566 diabolus
1801 538 1909 578 prac-

452 589 518 631 icit
535 597 574 631 et
603 588 704 630 illius
722 587 950 639 daemones,
979 603 1106 643 neque
1135 588 1225 631 ideo
1246 588 1402 643 quidem
1432 590 1534 631 inest
1553 590 1608 631 eis
1629 589 1780 643 pietatis
1809 590 1909 630 scin·

452 652 520 705 ὣς
548 655 772 708 ignorantia
790 655 935 709 quippe
965 653 1240 708 opprimuntur
1259 661 1419 708 propter
1447 653 1703 695 voluntariam
1724 653 1911 708 improbi-

452 726 557 761 atem.
624 731 661 773 3.
695 718 834 773 Liquet
868 719 996 772 igitur,
1031 717 1137 773 quod
1172 719 1294 773 impii,
1332 720 1509 773 quamvis
1542 718 1792 773 prophetent,
1826 731 1909 759 non

452 782 625 826 ubducunt
663 797 733 837 per
772 783 1014 838 prophetiam
1052 784 1291 837 impietatem
1331 797 1456 834 suam,
1496 783 1680 838 quodque
1719 784 1784 837 qui
1822 782 1909 824 dae·

452 862 566 891 nones
595 848 805 903 expellunt,
840 862 887 889 ex
916 862 1052 889 eorum
1083 847 1254 889 discessu
1284 862 1366 889 non
1396 847 1616 889 efficiuntur
1643 849 1764 889 sancti
1772 863 1784 899 ς
1818 862 1907 889 nam

453 926 473 954 e
490 922 625 956 mutuo
646 913 858 968 decipiunt,
886 914 985 954 sicut
1004 914 1068 968 qui
1093 912 1237 954 ludicra
1256 914 1354 954 risus
1375 927 1486 954 causa
1508 921 1720 964 ostentant,
1749 927 1909 968 eosque,

452 978 494 1031 fini
517 977 566 1019 ad
592 978 682 1020 illos
709 978 914 1020 advertunt
942 978 1130 1028 animum,
1160 977 1338 1033 perdunt.
1385 993 1423 1031 4.
1452 978 1594 1032 Neque
1618 991 1712 1019 vero
1742 991 1810 1019 rex
1837 978 1909 1018 im·

452 1043 513 1084 tius
535 1043 701 1098 amplius
730 1057 798 1085 rex
827 1050 898 1093 est,
932 1042 1000 1084 sed
1035 1050 1237 1098 tyrannuS,
1272 1056 1399 1098 neque
1428 1043 1635 1098 episcopus
1670 1043 1818 1084 inscitia
1847 1042 1908 1083 vel

452 1108 544 1149 inimi
563 1109 750 1162 pravitate
765 1108 998 1149 constrictus
1017 1108 1181 1161 amplius
1201 1108 1407 1162 episcopus
1423 1114 1494 1158 est,
1511 1107 1581 1149 sed
1602 1106 1737 1149 falsum
1758 1121 1908 1148 nomen

452 1173 537 1225 gerit,
564 1186 647 1214 non
674 1188 696 1214 a
725 1173 829 1223 Deo,
857 1186 992 1214 verum
1023 1172 1069 1213 ab
1097 1172 1322 1214 hominibus
1350 1180 1571 1227 promotus,
1606 1180 1650 1214 ut
1668 1173 1840 1214 Ananias
1869 1179 1909 1214 et

452 1235 603 1280 iamaoes
631 1237 920 1292 Hierosolymis
948 1245 988 1279 et
1015 1237 1196 1279 Sedecias
1224 1245 1339 1293 atque
1367 1238 1510 1279 Achias
1540 1237 1908 1293 pseudoprophetae

452 1300 633 1357 Babylone.
693 1315 728 1355 5.
758 1301 836 1344 Sed
871 1309 910 1344 et
936 1302 1089 1343 Balaam
1118 1310 1224 1344 vates
1263 1316 1412 1357 poenas
1447 1302 1565 1353 dedit,
1601 1317 1688 1344 cum
1718 1302 1834 1344 Israel
1867 1303 1907 1343 in

452 1365 667 1422 Beelphegor
701 1368 949 1421 corrupisset,
985 1375 1024 1409 et
1058 1366 1226 1421 Caiphas
1259 1375 1397 1422 postea
1430 1368 1490 1408 sui
1531 1368 1649 1422 ipsius
1683 1366 1908 1408 interfector

452 1432 580 1482 exstitit,
606 1447 652 1474 ac
680 1431 748 1473 filii
769 1432 914 1474 Scevae
933 1433 1106 1485 aggressi
1134 1432 1325 1486 expellere
1345 1431 1559 1474 daemones
1580 1433 1626 1474 ab
1654 1433 1700 1473 iis
1719 1432 1906 1474 vulnerati

453 1493 603 1550 sugerunt
635 1498 811 1551 turpiter,
846 1505 885 1539 et
918 1511 1030 1551 reges
1057 1497 1173 1538 Israel
1201 1511 1245 1539 ac
1275 1497 1404 1548 Iudae,
1439 1512 1529 1539 cum
1564 1498 1683 1553 impie
1717 1499 1906 1548 viverent,

452 1559 573 1604 diversa
590 1562 776 1617 supplicia
802 1562 1084 1617 pependerunt.
1133 1564 1170 1604 6.
1200 1562 1368 1604 Constat
1395 1564 1511 1616 igitur
1532 1563 1707 1604 ementiti
1732 1563 1906 1603 nominis

452 1628 630 1682 piscopos
648 1641 694 1669 ac
714 1626 963 1683 presbyteros
992 1641 1074 1668 non
1096 1641 1279 1668 evasuros
1298 1641 1382 1669 esse
1401 1628 1477 1669 Dei
1497 1626 1728 1678 vindictam3
1758 1626 1906 1668 dicetur

452 1693 529 1734 nim
554 1692 627 1734 illis
646 1706 754 1734 nunc
777 1705 953 1747 quoque:
989 1692 1058 1733 Vos
1076 1692 1291 1742 sacerdotes,
1319 1693 1385 1747 qui
1409 1693 1592 1747 despicitis
1610 1706 1740 1733 nomen
1769 1706 1906 1741 meum,

452 1757 571 1798 radam
597 1771 664 1799 vos
696 1759 737 1798 in
764 1758 990 1807 occisionem,
1025 1765 1065 1798 ut
1096 1757 1284 1798 Sedeciam
1313 1765 1348 1798 et
1374 1757 1549 1807 Achiam,
1583 1771 1671 1812 quos
1690 1757 1809 1811 frixit
1842 1771 1909 1798 rex

452 1820 634 1877 tabylonis,
668 1822 784 1864 sicuti
812 1822 863 1863 ait
891 1822 1072 1864 Ieremias
1100 1822 1302 1876 propheta.
1360 1836 1397 1875 7.
1426 1823 1534 1864 Haec
1567 1829 1698 1863 autem
1730 1822 1907 1872 dicimus,

452 1898 506 1929 ton
531 1887 638 1941 quod
657 1901 768 1929 veras
797 1886 1021 1941 prophetias
1049 1899 1363 1938 contemnamus,
1392 1902 1486 1942 quas
1509 1888 1654 1929 scimus
1673 1887 1747 1928 Dei
1777 1886 1907 1929 afflatu

452 1966 471 1993 a
494 1953 630 1995 sanctis
647 1951 748 2003 fieri,
776 1951 847 1993 sed
875 1959 917 1993 ut
935 1950 1213 1993 confidentiam
1233 1953 1497 2006 arrogantium
1519 1951 1784 2003 cohibeamus,
1814 1951 1907 1993 illud

452 2017 619 2069 ddentes,
654 2018 787 2059 Deum
822 2016 970 2059 auferre
1004 2020 1166 2070 gratiam
1197 2017 1275 2068 his;
1310 2031 1398 2058 nam
1425 2017 1591 2072 superbis
1620 2017 1726 2058 Deus
1758 2018 1906 2067 resistit,

452 2083 620 2124 munilibus
654 2090 781 2124 autem
814 2081 882 2123 dat
912 2083 1095 2137 gratiam.
1152 2083 1188 2124 8.
1219 2082 1319 2124 Sane
1352 2082 1509 2137 quidem
1541 2082 1636 2124 Silas
1671 2090 1710 2124 et
1738 2081 1907 2136 Agabus,

452 2148 545 2189 rostri
577 2148 769 2201 temporis
803 2147 1030 2201 prophetae,
1066 2160 1147 2187 non
1182 2161 1225 2189 se
1260 2155 1521 2202 coaequarunt
1557 2147 1744 2202 apostolis
1779 2161 1908 2201 neque

452 2292 653 2340 Βὸέχοντας
673 2298 696 2331 d
720 2308 739 2331 e
766 2301 773 2338 Ι
797 2295 926 2337 αὑτοὶ-ς
951 2308 970 2331 e
1000 2300 1005 2340 Ι
1037 2301 1078 2332 10
1107 2295 1156 2332 ἔτι
1187 2310 1194 2331 :
1225 2304 1300 2341 post
1321 2296 1493 2341 βασιλεὺς
1520 2298 1540 2331 d
1569 2309 1587 2331 e
1611 2298 1647 2337 E,
1680 2304 1722 2337 >
1751 2298 1774 2331 h
1797 2309 1829 2330 m
1854 2310 1873 2330 v
1900 2300 1905 2341 ι

453 2352 481 2382 ll
498 2352 702 2395 numadum·
724 2363 754 2392 e,
777 2363 947 2394 πεπεισμ.
969 2352 993 2386 h
1013 2355 1019 2394 Ι
1040 2356 1079 2387 12
1102 2355 1160 2387 θῶ
1178 2353 1199 2385 d
1217 2353 1224 2394 Ι
1245 2356 1284 2387 13
1307 2352 1444 2394 σαμὲας
1459 2363 1493 2385 m
1511 2356 1516 2394 1
1538 2355 1595 2395 ιῆλ
1609 2352 1629 2384 d
1646 2353 1672 2385 E
1691 2353 1698 2394 Ι
1720 2356 1759 2386 14
1782 2350 1909 2395 ἀχαΐας

452 2401 470 2434 h
485 2414 510 2437 m
527 2416 545 2438 v
562 2409 566 2446 Ι
587 2410 626 2441 15
641 2403 772 2449 ἔτησεν
788 2416 819 2446 e,
842 2402 970 2450 ἔστησε
994 2406 1015 2439 d
1032 2408 1038 2447 Ι
1063 2410 1102 2440 16
1119 2404 1284 2447 Καϊάφας
1302 2410 1338 2446 -l-
1357 2402 1397 2446 ὃς
1419 2418 1453 2439 m
1476 2418 1496 2439 v
1515 2409 1522 2448 1
1542 2405 1686 2449 ἐγένετο
1710 2416 1728 2438 a
1745 2416 1763 2439 e
1783 2408 1788 2446 Ι
1811 2410 1848 2440 17
1874 2406 1908 2440 οὶ

453 2459 486 2492 >
501 2459 517 2491 d
532 2466 537 2498 ι
553 2457 713 2495 ἐλαύνειν
736 2471 745 2493 :
769 2456 963 2507 ἐκβάᾖλειι·
985 2460 1007 2493 h
1029 2471 1063 2493 m
1087 2471 1108 2492 v
1126 2460 1133 2504 Ι
1155 2464 1193 2494 19
1217 2463 1280 2495 τοῦ
1304 2465 1347 2500 >
1372 2460 1394 2493 h
1416 2471 1450 2493 m
1473 2472 1493 2492 v
1514 2489 1518 2496 ,
1539 2462 1711 2494 παντοίαν
1734 2461 1909 2502 τιμωρίαν

455 2509 470 2540 d
485 2514 516 2548 el
532 2511 680 2558 ἔστησαν
701 2514 723 2547 d
749 2517 755 2548 l
778 2517 822 2548 22
845 2511 884 2548 τὸ
908 2509 1022 2556 ὄνομά
1044 2525 1116 2555 μου
1138 2514 1158 2547 d
1182 2525 1200 2547 e
1229 2517 1233 2554 1
1253 2517 1295 2548 23
1318 2512 1448 2558 ἀχαΐαν
1470 2515 1491 2547 h
1515 2525 1549 2547 m
1573 2526 1592 2545 v
1613 2517 1617 2555 ξ
1637 2517 1678 2547 27
1703 2512 1833 2548 ἐκείνω
1858 2524 1875 2547 e
1902 2516 1905 2540 Ι

455 2561 514 2599 2ῧὸ
534 2566 613 2608 θεὸς
634 2569 656 2602 d
679 2569 924 2611 εΙπεριαίρει
948 2569 968 2602 d
992 2567 1095 2612 e131
1121 2565 1196 2603 οὐδ’
1217 2569 1237 2602 d
1261 2579 1280 2602 e
1303 2580 1322 2601 v

480 2754 662 2798 (Anastas.
687 2762 832 2801 Quaesx.
855 2762 940 2796 XVI.
971 2782 1013 2788 —
1045 2758 1130 2798 οὔτε
1195 2765 1331 2797 nomine
1353 2763 1406 2796 vel
1429 2763 1586 2805 dignitate
1609 2763 1755 2807 episcopi
1773 2774 1840 2796 non
1859 2771 1908 2796 est

452 2809 607 2868 intotonat·
638 2817 734 2860 κτλ]
769 2816 860 2850 Haec
887 2826 985 2851 sensu
1014 2817 1130 2851 latiore
1196 2818 1323 2862 dignus.
1369 2817 1420 2851 Cf.
1449 2823 1557 2850 autem
1589 2817 1644 2857 VI,
1671 2827 1718 2859 15,
1741 2826 1835 2859 2—3.
1867 2837 1881 2841 -

452 2868 633 2914 *mdlegenda
650 2877 746 2905 sunt:
773 2870 947 2915 episcopus
962 2871 1130 2915 improbus
1196 2869 1292 2914 παρὰ
1318 2872 1423 2914 θεοῦ]
1448 2870 1498 2905 Cf.
1523 2871 1593 2915 lgn.
1617 2871 1739 2905 Philad.
1768 2881 1794 2912 1,
1823 2881 1848 2905 1.

1954 727 1976 759 5

1933 1050 1974 1080 10

1932 1373 1972 1406 15

1929 1697 1972 1728 20

1930 2022 1971 2052 25
