2457 3436
774 376 1090 407 cons-rmuonns
1117 376 1387 406 nosrommm
1414 378 1455 414 11,
1482 379 1534 416 48,
1557 379 1653 411 3—4.
1884 369 1959 407 137

454 472 634 527 μάταιος
666 474 869 527 τυγχάνει,
904 476 1067 514 σπιλῶν
1095 468 1197 514 ὅσον
1223 472 1274 514 τὸ
1301 471 1368 514 ἐπ’
1394 472 1510 525 αὐτῷ
1539 473 1588 515 τὸ
1616 477 1732 527 σῶμα
1758 478 1835 516 τοῦ
1864 477 1959 527 Χρι-

458 544 577 582 στοῦ.
642 551 678 592 3.
707 539 743 580 εἰ
769 538 848 591 γάρ
873 553 985 587 τινες
1012 542 1100 579 τῶν
1127 534 1384 591 ἀνθρώπων,
1413 538 1663 591 γεννώμενοι
1691 541 1760 580 καὶ
1787 540 1958 593 περισσὰ

455 609 551 647 τᾶν
588 603 799 657 σωμάτων
834 605 933 658 μέλη
968 605 1285 658 προσηρτημένα
1321 602 1494 656 ἔχοντες,
1536 601 1627 645 οἷον
1665 604 1896 653 δακτύλους
1934 601 1960 659 ἢ

455 666 833 722 ὖαερσαρκῶματα,
858 666 1180 722 περικόπτουσιν
1206 663 1273 719 ἀφ’
1295 666 1458 710 ἑαυτῶν
1485 673 1617 710 ταῦτα
1637 668 1704 711 διὰ
1730 669 1810 722 τὴν
1838 665 1959 722 ἀπρέ-

455 748 596 784 πειαν,
632 735 704 775 καὶ
730 730 896 786 οὐδεμία
922 735 1184 786 προσγίνεται
1213 732 1423 785 ἀπρέπεια,
1459 733 1746 784 ἀπολαβόντος
1779 739 1856 776 τοῦ
1892 731 1959 775 ἆν-
2004 746 2025 776 5

457 799 647 853 Oodaeov
674 799 743 841 διὰ
769 802 847 841 τοῦ
873 802 1061 852 τεχνίτου
1088 797 1166 852 τὴν
1192 797 1373 852 φυσικὴν
1395 797 1627 851 εὐκοσμίαν,
1654 799 1775 852 πόσῳ
1803 803 1960 852 μᾶλλον

455 862 588 917 ὑμεῖς,
610 863 652 905 οἱ
674 865 876 916 ποιμένες,
900 867 972 918 τῆς
995 863 1209 918 ἐκκλησίας
1231 860 1487 918 ὑπαρχούσης
1512 863 1702 916 σώματος
1728 863 1874 916 α’ρτίου
1893 866 1957 905 καὶ

455 932 601 982 μελῶν
627 926 821 982 ὑγιεινῶν
844 933 936 970 τῶν
962 929 1029 970 ἐπὶ
1056 928 1160 970 θεὸν
1187 928 1472 970 πιστευόντων
1499 929 1545 970 ἐν
1571 928 1691 981 φόβῳ
1719 931 1864 982 κυρίου
1891 932 1957 970 καὶ

457 992 617 1047 ἀγάπῃ,
644 991 751 1035 ὅταν
778 991 931 1047 εὑρεθῇ
957 993 1004 1035 ἓν
1028 994 1152 1047 μέλος
1169 993 1379 1052 ,τεμεῖ-σόν,
1408 993 1572 1047 πονηρὰ
1587 997 1774 1046 φρονοῦν
1801 996 1869 1034 καὶ
1897 997 1959 1046 τῷ

458 1062 603 1112 λοιπῷ
630 1057 789 1110 σώματι
817 1057 1043 1112 ἀπρέπειαν
1070 1060 1269 1112 ἐμποιοῦν
1296 1060 1365 1101 καὶ
1379 1057 1569 1112 χειμάζον
1597 1057 1702 1101 αὐτὸ
1727 1057 1863 1100 στάσει
1891 1060 1959 1100 καὶ
1984 1068 2026 1100 10

457 1122 567 1178 p'qn
595 1125 667 1165 καὶ
694 1128 933 1179 καταλαλιᾷ,
966 1125 1147 1177 παρέχον
1173 1122 1290 1176 αὐτῷ
1317 1124 1488 1177 ψόγους,
1522 1122 1752 1178 πράγματα,
1779 1122 1958 1176 μώμους,

459 1188 732 1237 καταλαλιάς,
760 1187 1002 1243 ἐγκλήματα,
1036 1185 1348 1239 ἀκαταστασίας,
1383 1191 1452 1230 καὶ
1479 1188 1531 1230 τὰ
1563 1193 1737 1230 τοιαῦτα
1771 1192 1848 1230 τοῦ
1877 1189 1960 1246 δια-

458 1253 596 1304 βόλου
622 1253 876 1307 ἐνεργήματα
894 1253 1074 1295 ἐκτελῶν
1101 1251 1161 1302 ὡς
1189 1252 1241 1295 ἂν
1259 1254 1639 1307 κεχειροτονημένος
1667 1252 1752 1295 ὑπὸ
1779 1257 1855 1295 τοῦ
1877 1254 1959 1295 δια-

460 1318 597 1369 βόλου
628 1321 882 1370 σκυβαλίζειν
922 1317 998 1372 τὴν
1032 1319 1248 1373 ἐκκλησίαν
1287 1318 1354 1360 διὰ
1394 1322 1662 1372 βλασφημιῶν
1701 1320 1770 1359 καὶ
1801 1321 1960 1370 πολλῆς

462 1383 771 1432 ἀκαταστασίας
789 1386 856 1425 καὶ
876 1382 1011 1437 ἔριδος
1028 1386 1096 1425 καὶ
1116 1385 1370 1436 διχοστασίας
1377 1399 1392 1432 ;
1437 1398 1475 1437 4.
1506 1377 1628 1432 οὗτος
1647 1377 1736 1432 οὖν,
1765 1381 1959 1436 δεύτερον
1984 1393 2025 1424 15

465 1448 547 1500 ἔξω
572 1452 648 1503 τῆς
665 1448 879 1503 ἐκκλησίας
896 1450 1076 1503 βληθείς,
1104 1445 1226 1500 ἀξίως
1246 1445 1463 1503 ἀπετμήθη
1486 1453 1559 1501 τῆς
1576 1453 1656 1490 τοῦ
1674 1450 1959 1507 nyo-thqg

464 1517 615 1573 *sgr-[15²
644 1515 714 1555 καὶ
741 1517 903 1565 μᾶλλον
929 1516 1005 1555 νῦν
1034 1511 1279 1567 κεκόσμηται
1307 1511 1333 1568 ἡ
1354 1519 1438 1572 τοῦ
1465 1516 1610 1566 κυρίου
1637 1514 1827 1566 ἐκκλησία
1855 1511 1960 1570 ''j—[1³3

465 1584 652 1632 πρῶτον,
687 1574 755 1620 ὅτε
790 1577 843 1620 τὸ
875 1577 1069 1629 περιττὸν
1103 1579 1297 1637 &ningo
1331 1580 1399 1620 καὶ
1432 1577 1555 1638 {cx—my}
1589 1577 1796 1636 ἀνοίκειον
1822 1579 1959 1630 μέλος

468 1644 532 1686 διὸ
560 1643 644 1686 ἀπὸ
662 1647 740 1686 τοῦ
767 1647 847 1684 νῦν
866 1640 1178 1698 ἀβλασφὴμητός
1196 1644 1309 1685 ἐστιν
1336 1646 1405 1686 καὶ
1424 1640 1732 1694 ἇσκυβάλιστος,
1760 1648 1961 1700 πονηρῶν

471 1708 757 1762 ἀπαλλαγεῖσα,
777 1710 943 1758 δολίων,
960 1707 1177 1760 λοιδόρων,
1202 1705 1281 1768 Q
1280 1710 1429 1761 μέρων,
1454 1709 1690 1761 προδοτῶν,
1708 1708 1958 1760 μισοκάλων,
1982 1716 2027 1747 20

470 1774 641 1835 Μ’
640 1789 717 1823 ων,
759 1773 1009 1825 κενοδόξων,
1049 1773 1287 1833 ἀπατηλῶν,
1327 1772 1584 1825 δοξοσόφων,
1617 1771 1739 1825 ἔργον
1772 1773 1961 1825 θεμένων

470 1841 727 1891 διασπείρειν,
756 1842 918 1891 μᾶλλον
943 1840 986 1880 δὲ
1014 1841 1314 1891 διασκορπίςειν
1342 1838 1395 1880 τὰ
1424 1844 1502 1880 τοῦ
1508 1841 1676 1897 ὑκ-υρίου
1704 1836 1834 1889 ἀρνία.

571 2147 587 2178 1
612 2140 656 2178 τό
681 2153 721 2187 pr
747 2153 755 2176 :
780 2143 844 2176 καὶ
867 2153 887 2186 p
909 2154 930 2175 v
947 2143 955 2187 Ι
973 2140 1015 2177 τὸ
1032 2153 1088 2176 sec
1104 2154 1113 2176 ε
1129 2146 1202 2177 πᾶν
1223 2140 1265 2176 τὸ
1288 2153 1308 2186 p
1324 2153 1345 2175 v
1364 2143 1370 2186 Ι
1391 2146 1411 2176 4
1434 2138 1739 2185 περιοαρκώματα
1763 2141 1783 2174 b
1807 2151 1828 2173 o
1849 2141 1855 2182 1
1874 2137 1961 2173 κόπ-

468 2208 584 2231 τουσιν
606 2207 629 2230 o
650 2200 655 2236 1
677 2200 696 2231 7
724 2192 947 2239 ὑπάρχοντες
969 2197 989 2230 b
1013 2207 1035 2230 ο
1056 2208 1078 2241 p
1098 2199 1103 2238 1
1122 2195 1292 2239 σώματος
1306 2200 1350 2235 >
1367 2197 1387 2230 b
1410 2206 1432 2229 ο
1452 2197 1457 2238 Ι
1476 2199 1497 2230 8
1520 2192 1739 2239 ὕγιενόντων
1761 2195 1781 2227 b
1796 2205 1818 2228 ο
1838 2197 1843 2236 l
1862 2197 1937 2228 τῶν
1955 2206 1961 2226 :

468 2247 486 2285 ὁ
505 2251 525 2284 b
547 2261 578 2292 ο,
601 2256 649 2291 >
667 2261 688 2284 a
710 2252 715 2292 !
737 2246 922 2285 πιστεύων
942 2251 963 2284 b
985 2262 1008 2284 o
1027 2252 1032 2292 1
1051 2254 1072 2285 9
1089 2254 1292 2295 φρονοῦντα
1315 2247 1416 2293 (α’φρ.
1433 2251 1470 2293 b)
1492 2250 1512 2283 b
1529 2260 1551 2283 ο
1570 2252 1575 2291 Ι
1597 2253 1638 2283 10
1660 2249 1877 2291 ἐμποιοῦντα
1901 2249 1963 2282 καὶ

464 2303 680 2348 χειμάζοντα
704 2304 742 2345 h,
767 2302 809 2338 ἐν
829 2308 989 2340 ποιοῦντι
1012 2303 1110 2348 (ἐμπ.
1129 2305 1168 2348 ο)
1184 2306 1247 2339 καὶ
1258 2301 1464 2348 χειμάζοντι
1484 2304 1504 2337 b
1521 2314 1543 2337 ο
1563 2306 1567 2344 Ι
1587 2300 1685 2338 αὐτῶ
1702 2303 1726 2336 h
1743 2313 1764 2336 ο
1784 2304 1790 2344 Ι
1811 2306 1849 2335 11
1874 2313 1963 2343 παρ-

467 2358 584 2402 έχοντα
603 2360 639 2400 h,
655 2357 857 2401 παρέχοντι
874 2359 895 2392 b
912 2369 934 2392 o
954 2360 958 2400 Ι
978 2356 1117 2403 ψόγους
1129 2369 1138 2392 :
1150 2355 1290 2403 φόβους
1307 2370 1325 2392 a
1346 2362 1351 2400 1
1373 2362 1412 2393 12
1430 2357 1527 2402 ἐγκλ.
1544 2355 1810 2395 ἀκαταστασίας
1821 2360 1864 2394 >
1878 2356 1898 2387 b
1915 2365 1936 2387 o
1957 2356 1961 2394 Ι

466 2416 606 2449 τοιαῦτα
628 2416 670 2454 4
691 2409 740 2446 τὰ
766 2412 788 2444 b
804 2421 825 2445 o
845 2419 849 2454 Ι
870 2416 910 2447 13
933 2424 1065 2456 κεχειρ.
1084 2424 1092 2446 :
1116 2414 1179 2447 καὶ
1197 2412 1439 2457 χερονημένος
1455 2413 1475 2445 b
1491 2422 1513 2445 ο
1532 2413 1538 2453 Ι
1560 2415 1600 2445 14
1623 2411 1853 2454 σκυβαλίζων
1874 2409 1894 2442 b
1910 2419 1933 2442 ο
1957 2409 1962 2450 Ι

467 2471 501 2501 15
521 2464 644 2510 ἔριδος
668 2479 707 2501 κ.
736 2468 804 2508 διχ.
825 2470 869 2504 >
887 2466 907 2499 b
930 2476 951 2500 ο
971 2468 976 2508 Ι
996 2459 1102 2506 οὗτος
1123 2461 1190 2502 οὖν
1211 2479 1218 2499 :
1242 2470 1406 2506 τοιοῦτος
1427 2461 1479 2499 ‹32›
1500 2460 1559 2508 (ὃν
1575 2465 1613 2507 ο)
1635 2464 1655 2497 b
1679 2474 1700 2496 0
1719 2465 1727 2505 1
1748 2466 1787 2497 17
1811 2463 1938 2506 κυρίου
1957 2473 1965 2496 t

466 2523 547 2556 θεοῦ
567 2523 590 2556 b
612 2527 617 2563 Ι
644 2524 693 2555 18
719 2516 899 2563 πρότερον
920 2520 942 2553 h
960 2520 967 2562 1
987 2519 1158 2564 ἐκέκτητο
1181 2525 1226 2560 >
1244 2521 1264 2553 b
1287 2531 1310 2553 o
1330 2520 1336 2563 Ι
1356 2518 1483 2562 ἑαυτῆς
1505 2520 1525 2552 b
1549 2528 1570 2552 0
1591 2522 1595 2560 Ι
1618 2521 1657 2553 19
1681 2519 1849 2560 πονηρῶν
1872 2528 1879 2548 :
1903 2518 1965 2550 καὶ

463 2585 491 2608 π.
511 2576 530 2609 b
550 2587 574 2610 ο
596 2577 602 2616 ξ
623 2578 677 2610 20
704 2575 905 2616 dol-zozim·
925 2571 1040 2617 (α’δολ.
1055 2576 1094 2618 ο)
1116 2577 1316 2618 λοιδωριῶν
1331 2574 1352 2607 b
1367 2585 1390 2608 0
1408 2576 1414 2615 Ι
1433 2577 1474 2608 21
1500 2569 1701 2616 φιληδόνων
1717 2576 1761 2610 >
1781 2581 1802 2603 ο
1822 2572 1827 2611 Ι
1847 2573 1966 2605 κενοδ.

461 2625 650 2674 ἅπατηλῶν
677 2632 733 2666 >
758 2627 780 2659 b
802 2637 824 2660 ο
842 2629 847 2670 1
866 2628 1067 2671 τιθεμένων
1088 2629 1111 2662 h
1131 2631 1135 2670 Ι
1155 2631 1199 2663 22
1221 2629 1348 2672 κυρίου
1370 2639 1379 2660 :
1404 2629 1496 2662 θεοῦ
1518 2637 1540 2670 p
1564 2638 1583 2660 v
