2457 3436
842 375 1158 405 cousnwnonns
1186 375 1464 405 Arosromm'u.
1845 366 1898 404 33

397 477 533 526 ξηρᾶν
562 473 633 513 καὶ
660 471 736 525 τὴν
763 469 869 513 κατὰ
895 471 1021 522 φύσιν
1048 467 1281 524 ἀνθρώπου
1307 471 1469 525 μορφὴν
1496 471 1609 524 ,παρὰ
1635 471 1754 524 φύσιν
1788 472 1898 523 ἐξαλ-

402 537 569 578 λάσσειν
598 534 675 578 οὐκ
703 533 944 588 ἀνεχόμεθα,
979 535 1084 588 πρὸς
1118 537 1161 577 δὲ
1176 538 1264 578 -καὶ
1298 534 1364 577 ὅτι
1391 536 1446 590 μὴ
1474 536 1776 589 διακρινόμενοι
1814 535 1898 578 α’πὸ

401 602 696 654 πρεσβυτέρων
728 599 1051 653 μεταλαμβάνειν
1081 601 1388 655 γεγαμηκότων,
1427 633 1436 643 .
1467 635 1476 644 .
1507 634 1515 643 .
1550 601 1651 656 μήτε
1683 605 1734 654 τῇ
1765 605 1899 655 γραφῇ

403 667 622 719 προσέχειν
650 665 878 715 ἐθέλοντες,
917 664 944 719 ἢ
971 661 1048 707 οὐκ
1073 661 1418 718 ἂκομαόαρώσετέ
1443 677 1539 720 φησι
1568 665 1666 714 τοὺς
1692 666 1900 719 πώγωνας

403 729 536 784 ὑμῶν,
567 728 665 773 οὔτε
690 730 770 785 μὴν
793 731 949 772 ἐννοεῖν
978 728 1087 779 ὅλως
1113 730 1371 782 βουλόμενοι,
1400 728 1466 773 ὅτι
1493 732 1676 784 γυναιξὶν
1703 727 1899 783 εὐπρεπὲς

403 802 535 838 τοῦτο
564 793 588 837 ὃ
615 798 758 844 κτίσας
785 795 946 849 ἐποίησε
974 795 1087 845 θεός,
1117 794 1288 847 α’νδράσι
1307 796 1351 837 δὲ
1370 792 1630 848 ἀνάρμοστον
1648 796 1898 842 ἐδικαίωσεν,

401 860 468 903 Cf.
499 861 547 903 C.
578 863 626 902 A.
656 860 686 911 1,
719 873 754 913 3,
780 873 839 901 11.
886 858 988 901 Iusta
1016 873 1053 915 p.
1081 872 1153 913 159
1184 860 1327 902 Canon
1354 859 1625 915 apostolorum
1648 860 1684 902 V
1712 860 1898 903 laudatur.

1108 1021 1197 1055 XIX.

812 1096 1041 1131 GEORGIUS
1064 1097 1300 1131 CEDRENUS
1325 1098 1366 1140 [c.
1395 1097 1501 1141 10601.

466 1194 470 1198 ·
520 1198 554 1226 1.
584 1184 734 1226 Histor.
756 1183 1037 1238 compendium
1064 1183 1125 1225 ed.
1146 1184 1297 1225 Bekker
1318 1183 1496 1239 (Corpus
1517 1185 1751 1238 scriptorum
1781 1184 1900 1227 histo-

403 1251 484 1291 riae
504 1249 755 1304 Byzantinae,
784 1248 946 1290 Bonnae
972 1248 1095 1303 1837)
1124 1248 1155 1300 Ι,
1178 1261 1411 1303 370—3713
1440 1249 1578 1303 Migne
1597 1249 1666 1291 PG
1694 1261 1780 1300 121,
1800 1262 1898 1303 410:

407 1316 505 1367 Περὶ
545 1309 596 1356 οὗ
629 1314 674 1355 ἐν
706 1321 795 1362 ταῖς
829 1311 1121 1362 α’ποστολικαῖς
1154 1313 1442 1365 Διατάξεσιν
1478 1318 1579 1365 κτλ,
1621 1313 1767 1356 scilicet
1801 1313 1901 1368 frag-

406 1387 590 1422 mentum
620 1378 784 1432 Georgii
811 1377 1029 1420 Hamartoli
1056 1377 1126 1419 IV.

518 1456 554 1485 2.
590 1442 686 1485 Ibid.
716 1442 776 1485 ed.
806 1443 957 1484 Bekker
982 1442 1013 1493 1,
1042 1455 1273 1497 417—420‚
1311 1443 1381 1484 PG
1415 1454 1502 1494 121,
1532 1455 1765 1497 455—459:
1803 1446 1902 1496 Περὶ

408 1503 466 1550 ὧν
494 1509 639 1562 μέντοι
665 1505 745 1549 κᾶν
768 1516 857 1556 ταῖς
877 1504 1168 1556 ἂποστολικαῖς
1187 1507 1444 1558 Διατάξεσί
1470 1520 1594 1561 φησιν
1622 1511 1725 1558 κτλ,
1755 1508 1901 1550 scilicet

407 1572 672 1627 fragmentum
703 1572 867 1626 Georgii
895 1572 1012 1614 Ham.
1042 1572 1092 1614 V.

522 1651 557 1691 3.
586 1637 681 1679 Ibid.
712 1637 773 1679 ed.
802 1637 953 1679 Bekker
980 1637 1011 1689 1,
1034 1639 1260 1691 506-507‚
1288 1637 1357 1679 PG
1392 1649 1480 1688 121,
1507 1650 1601 1690 551:
1634 1639 1713 1678 Καὶ
1741 1637 1785 1678 ἐν
1814 1647 1901 1686 ταῖς

408 1702 704 1752 ἀποστολικαῖς
729 1701 985 1753 Διατάξεσι
1020 1699 1043 1744 ὁ
1076 1706 1191 1750 θεῖος
1223 1702 1345 1755 λόγος
1380 1700 1516 1750 οὕτως
1542 1703 1665 1756 φησὶν
1693 1705 1795 1752 κτλ,
1830 1703 1902 1744 sci-

408 1767 499 1809 licet
532 1781 621 1821 pars
654 1765 863 1821 fragmenti
892 1766 1056 1821 Georgii
1090 1767 1207 1808 Ham.
1238 1766 1311 1808 VII
1339 1767 1451 1809 tertia
1485 1767 1609 1821 prior;
1645 1765 1759 1808 verba
1796 1768 1900 1808 enim

407 1832 483 1874 loci
515 1831 619 1873 Gen.
641 1844 678 1884 9,
700 1833 723 1873 6
752 1831 802 1873 τὸ
831 1829 928 1884 αἱμα
955 1830 1087 1873 αὐτοῦ
1116 1831 1210 1873 haec
1239 1831 1368 1873 solum
1396 1831 1445 1873 ad
1471 1831 1789 1873 Constitutiones
1818 1846 1902 1886 per-

404 1896 573 1938 tinentia
602 1903 834 1951 sequuntur:
863 1893 980 1938 Ἀλλὰ
1015 1897 1114 1951 μηδὲ
1143 1894 1199 1944 εἷς
1227 1897 1521 1949 παραδεχέσθω
1546 1901 1769 1950 μαρτυρῶν
1797 1895 1904 1938 κατά

405 1976 536 2011 τινος,
572 1958 651 2003 κᾶν
683 1963 776 2003 λίαν
810 1956 835 2014 ᾖ
868 1959 1122 2012 ιιῗξιόπιστοι,μ
1157 1961 1224 2002 ἐπὶ
1257 1961 1460 2014 στόματος
1493 1961 1570 2015 γὰρ
1609 1960 1683 2003 δύο
1717 1957 1740 2015 ἢ
1774 1965 1905 2014 τριῶν

405 2025 632 2078 μαρτύρων
659 2030 745 2067 πᾶν
772 2024 878 2079 ῥῆμα
903 2025 1239 2080 βεβαιωθήσεται,
1269 2024 1381 2067 εἶπεν
1410 2023 1434 2067 ὃ
1461 2026 1615 2078 κύριος.

519 2106 558 2143 4.
587 2090 682 2132 Ibid.
709 2090 769 2132 ed.
791 2090 942 2132 Bekker
969 2090 999 2142 1,
1021 2103 1198 2144 72-73,
1226 2090 1296 2132 PG
1331 2102 1419 2140 121,
1444 2102 1536 2132 102:
1568 2090 1731 2132 Εἰδέναι
1760 2091 1804 2132 δὲ
1832 2092 1903 2140 δεῖ,

406 2151 488 2204 ὅτι,
518 2155 591 2196 ἐάν
618 2170 682 2204 τις
708 2155 754 2197 ἐκ
781 2154 1048 2208 παρατάσεως
1077 2153 1297 2208 ἁμαρτάνει
1325 2154 1532 2207 πειράζων
1559 2154 1636 2197 τὸν
1654 2155 1757 2197 θεὸν
1777 2153 1834 2203 ὥς
1851 2156 1906 2209 μὴ

405 2218 625 2271 ἐπεξιόντα
652 2227 739 2269 τοῖς
761 2228 971 2274 πονηροῖς,
1003 2218 1026 2261 ὃ
1044 2225 1237 2268 τοιοῦτος
1255 2217 1350 2261 οὔτε
1369 2222 1584 2272 μετανοίας
1604 2216 1788 2271 ἀξιοῦται
1809 2219 1905 2262 οὔτε

408 2283 606 2337 ἀφέσεως,
641 2282 781 2336 ὥσπερ
813 2301 855 2338 γε
891 2287 958 2326 καὶ
992 2282 1109 2326 ἄλλοι
1142 2287 1308 2333 πλείους
1341 2287 1407 2326 καὶ
1445 2280 1567 2333 οὗτος
1605 2284 1769 2337 Φαραώ.
1825 2282 1905 2326 κᾶν

408 2351 505 2402 λέγῃ
535 2364 598 2398 τις
625 2346 719 2401 παρ’
752 2349 904 2402 ἑαυτῷ·
941 2346 1076 2400 ,ξὈσιά
1102 2364 1172 2402 μοι
1200 2350 1374 2403 γένοιτο,
1411 2345 1475 2390 ὅτι
1503 2348 1753 2402 πορεύσομαι
1782 2349 1827 2390 ἐν
1855 2355 1905 2402 τῇ

406 2410 653 2466 ἀναστροφῇ
680 2419 756 2468 τῆς
782 2415 950 2466 καρδίας
974 2429 1056 2466 μου
1088 2419 1164 2468 τῆς
1189 2418 1404 2468 πονηρᾶς“
1440 2413 1577 2468 (Dent.
1609 2426 1673 2466 29,
1708 2413 1790 2468 19),
1826 2414 1908 2466 ὀψέ

407 2494 510 2520 ,ποτε
542 2478 797 2532 μετανοήσω,
827 2476 967 2531 ὥσπερ
982 2475 1106 2531 Ἀμώς
1135 2476 1158 2520 ὁ
1187 2484 1266 2521 τοῦ
1285 2481 1496 2532 Μανασσῆ.
1544 2478 1609 2519 διὸ
1629 2481 1696 2520 καὶ.
1715 2478 1766 2520 τὸ
1785 2479 1906 2532 τάχος

408 2543 719 2595 ἐξωλόθρευσεν
748 2540 877 2584 αὐτὸν
906 2540 929 2585 ὁ
958 2544 1069 2591 θεός.
1118 2543 1185 2584 Est
1214 2542 1475 2597 fragmentum
1506 2542 1668 2596 Georgii
1699 2544 1813 2585 Ham.
1840 2544 1904 2586 111.

408 2608 688 2650 abbreviatum.

518 2685 559 2729 5.
579 2671 685 2728 ,Ibid.
706 2672 767 2714 ed.
789 2672 940 2714 Bekker
957 2672 987 2723 1,
1010 2673 1100 2725 382,
1120 2672 1188 2713 PG
1216 2684 1302 2722 121,
1321 2684 1418 2725 422:
1439 2669 1692 2724 Ὑποφόρους
1709 2673 1785 2726 γὰρ
1804 2678 1906 2723 κτλ,

408 2737 559 2780 scilicet
589 2736 853 2792 fragmentum
883 2736 1045 2791 Georgii
1075 2736 1192 2778 Ham.
1223 2736 1327 2778 VIII.

521 2804 559 2843 6.
589 2801 686 2844 Ibid.
716 2801 776 2844 ed.
807 2801 958 2844 Bekker
992 2801 1022 2852 1,
1051 2814 1145 2856 433,
1177 2801 1246 2843 PG
1281 2814 1369 2852 121,
1398 2813 1495 2855 472:
1537 2798 1595 2843 Οὐ
1621 2801 1702 2856 μὴν
1730 2803 1772 2843 δὲ
1801 2801 1906 2844 ἀλλὰ

407 2872 515 2919 κτλ,
547 2866 695 2909 scilicet
723 2866 986 2921 fragmentum
1017 2866 1182 2920 Georgii
1211 2867 1326 2908 Ham.
1356 2866 1426 2907 IX.

475 2934 598 2974 Fen,
621 2933 753 2966 Dmuc.
777 2943 815 2966 ετ
838 2932 985 2966 Consi-11.
1009 2943 1059 2966 ΑΡ.
1104 2932 1143 2966 11.
1758 2936 1778 2967 3
