2457 3436
793 374 1107 405 consummas
1135 376 1401 406 APOSTOLofflm
1430 378 1486 413 111,
1513 379 1630 411 6—10.
1906 369 1953 408 11

453 469 514 511 πὸ
543 473 710 522 κυρίου
736 476 817 513 τοῦ
835 475 943 513 θεοῦ
960 476 1040 512 τοῦ
1058 471 1268 519 εἰπόντος·
1306 468 1394 521 „06
1421 473 1684 524 μοιχεύσειςῆ
1721 476 1809 515 καί·
1840 471 1955 520 ,.va

453 535 761 588 ἐπιθυμήσεις-’2
833 538 871 578 6.
911 537 946 578 εἰ
985 535 1062 589 γὰρ
1095 536 1228 589 ἐκείνη
1266 539 1497 592 θεασαμένη
1529 549 1575 580 σε
1609 555 1634 592 η
1668 538 1851 592 α’καίρως
1888 551 1953 580 σοι

452 600 744 654 ῦυναντήσασα
772 600 925 655 ἐπλήγη
959 600 1037 655 τὴν
1065 600 1254 643 διάνοιαν
1287 604 1355 643 καὶ
1387 594 1676 655 προ-σε’πῇῥέν
1711 616 1789 654 σοι,
1824 603 1876 645 σὺ
1909 605 1954 645 δὲ

455 662 510 713 ὡς
523 666 729 720 θεοσεβὴς
748 663 915 721 ἠρνήσω
933 662 1065 719 αὐτὴν
1084 664 1265 719 α’πέσχου
1283 682 1326 708 τε
1347 669 1413 708 καὶ
1436 663 1509 720 οὐχ
1537 664 1712 721 ἥμαρτες
1736 669 1792 718 εἰς
1810 665 1952 723 αὐτήν,

465 729 585 785 ἐκείνη
609 733 754 783 μέντοι
778 731 857 785 τὴν
878 732 1050 784 καρδίαν
1074 732 1393 786 ἐτραυματίσθη,
1421 728 1630 784 εὐμόρφου
1650 734 1854 786 νεωτέρου
1878 730 1952 774 ὑπ·
1998 742 2018 773 5

474 795 657 848 ἄρχοντός
675 808 754 838 σου
777 799 847 838 καὶ
873 797 1272 849 κεκαλλωπισμένου,
1306 794 1411 839 ὥστε
1437 797 1665 851 ἐρασθῆναί
1694 810 1782 846 σου,
1812 797 1954 850 ἔνοχος

482 858 622 913 εὑρίσκῃ
640 861 692 903 σὺ
712 867 794 904 τοῦ
811 862 966 915 ἐκείνης
983 862 1332 913 παραπτώματος,
1361 859 1422 911 ὥς
1439 862 1570 911 αἴτιος
1587 862 1692 915 αὐτῇ
1717 861 1953 904 σκανδάλου

487 925 672 979 γενόμενος
708 929 779 968 καὶ
805 932 886 968 τοῦ
920 925 1071 976 ,,οὕαὶ“
1098 926 1368 986 κληρονόμος.
1427 940 1464 980 7.
1499 926 1564 968 διὸ
1601 926 1772 982 δεήθητι
1808 929 1952 980 κυρίου

493 996 548 1032 τοῦ
572 996 684 1040 θεοῦ,
712 989 828 1040 ὅπως
855 992 980 1045 μηδέν
1008 1002 1073 1033 σοι
1100 991 1168 1032 διὰ
1195 991 1350 1033 τούτου
1378 991 1512 1033 κακὸν
1540 995 1751 1046 στηριχθῇ.
1800 990 1853 1033 οὐ
1874 991 1952 1044 γὰρ

500 1052 699 1107 ἀνθρώποις
717 1069 763 1098 σε
787 1056 865 1111 χρὴ
892 1053 1077 1109 ἀρέσκειν
1104 1057 1161 1105 εἰς
1179 1054 1395 1108 ἁμαρτίαν,
1424 1052 1527 1098 ἀλλὰ
1544 1060 1634 1109 θεῷ
1658 1054 1951 1115 &2262an
1974 1064 2015 1095 10

504 1124 580 1173 ζωῆς
605 1136 645 1162 τε
674 1123 745 1163 καὶ
777 1119 1049 1170 ἀναπαύσεως
1080 1127 1158 1175 τῆς
1190 1122 1364 1163 αἰωνίου
1398 1117 1652 1173 ἀντέχεσθαι.
1709 1122 1746 1162 8.
1780 1120 1831 1162 τὸ
1868 1118 1953 1162 ὑπὸ

508 1189 555 1237 τῆς
574 1185 720 1237 φύσεώς
747 1197 813 1228 σοι
833 1187 1054 1237 δεδομένον
1080 1185 1126 1227 ἐκ
1146 1190 1249 1227 θεοῦ
1277 1185 1430 1235 κάλλος
1455 1186 1511 1239 μὴ
1531 1184 1950 1239 προσεπικαλλιόπιζε,

510 1245 579 1291 ἀλλὰ
591 1249 918 1304 ταπεινοφρόνως
935 1254 1153 1304 μετρίασον
1172 1250 1278 1293 αὐτὸ
1300 1250 1406 1303 πρὸς
1424 1248 1692 1302 ἀνθρώπους,
1721 1246 1855 1298 οὕτως
1874 1250 1952 1303 τὴν

513 1317 590 1366 τρίχα
610 1328 676 1357 σου
703 1319 775 1370 τῆς
802 1314 937 1369 κόμης·
955 1315 1009 1369 μὴ
1036 1317 1326 1369 παρατρέφων,
1355 1319 1515 1369 μᾶλλον
1542 1316 1587 1356 δὲ
1606 1314 1854 1368 συγκόπτων
1882 1317 1949 1356 καὶ

453 1423 455 1429 ,
515 1383 677 1431 καθαιρῶν
703 1377 849 1433 αὐτήν,
884 1380 950 1422 ἵνα
975 1380 1031 1433 μὴ
1064 1382 1411 1433 κατακνιςομένου
1443 1393 1519 1422 σου
1552 1382 1619 1422 καὶ
1647 1378 1856 1421 ἄσκυλτον
1883 1395 1950 1433 τη-
1975 1386 2015 1417 15

453 1453 456 1482 ἲ
517 1448 639 1493 umbrae
659 1445 735 1499 τὴν
758 1445 943 1498 κεφαλὴν
969 1442 995 1500 ἢ
1021 1446 1420 1498 καταμεμυρισμένου
1449 1458 1526 1487 σου
1563 1445 1764 1499 ἐπαγάγῃς
1790 1448 1950 1494 σεαυτῷ

517 1509 566 1556 τὰς
584 1507 696 1560 οὕτως
720 1510 993 1564 α’γρευομένας
1020 1507 1045 1563 ἢ
1074 1506 1321 1564 ἀγρευούσας
1352 1519 1556 1564 γυναῖκας.
1615 1523 1651 1563 9.
1686 1511 1786 1564 μηδὲ
1820 1510 1949 1551 ἔπιτε·

518 1574 678 1628 τηόευμὲνῃ
711 1577 776 1618 σοὶ
811 1581 862 1628 τῇ
888 1576 1035 1629 ἐσθῆτι
1066 1575 1192 1628 χρήσῃ
1228 1576 1284 1623 εἰς
1312 1574 1488 1628 α’πάτην,
1522 1576 1620 1629 μηδὲ
1655 1573 1899 1626 ἀναξυρίδας
1925 1571 1950 1626 ἢ

520 1641 659 1691 κρηπῖδάς
688 1654 764 1683 σου
796 1650 885 1689 τοῖς
915 1642 1015 1683 ποσὶ
1050 1642 1308 1693 κακοτέχνως
1344 1637 1606 1692 ὑπορράψῃς,
1648 1636 1753 1681 ἀλλὰ
1790 1638 1841 1680 τὸ
1853 1644 1950 1697 ἑῆς

521 1704 704 1759 σεμνότητος
731 1707 802 1747 καὶ
829 1711 901 1759 τῆς
932 1707 1067 1758 χρείας
1098 1704 1247 1757 μόνον·
1287 1706 1385 1759 μηδὲ
1422 1704 1680 1759 χρυσήλατον
1718 1703 1949 1758 σφενδόνην
1970 1709 2015 1740 20

522 1776 579 1816 ῐθῑς
589 1771 780 1820 δακτύλοις
799 1781 875 1812 σου
892 1775 1077 1823 περιθῇς,
1107 1768 1174 1812 ὅτι
1192 1775 1324 1812 ταῦτα
1343 1769 1480 1812 πάντα
1500 1768 1735 1821 ἑταιρισμοῦ
1752 1768 1950 1823 τεκμήρια

523 1829 647 1886 ὖπᾶρχει,
671 1834 773 1890 ὅπερ
792 1833 905 1888 παρὰ
921 1835 972 1877 τὸ
988 1839 1200 1888 προσῆκον
1219 1834 1472 1889 ἐπιτηδεύων
1491 1834 1544 1876 ου’
1560 1834 1742 1887 ποιήσεις
1768 1836 1947 1882 δικαίως.

527 1908 565 1936 10.
583 1905 686 1953 πιστῷ
711 1901 787 1955 γάρ
816 1913 884 1942 σοι
912 1899 1002 1942 ὄντι
1032 1902 1098 1941 καὶ
1124 1899 1342 1953 ἀνθρώπῳ
1370 1905 1448 1941 τοῦ
1473 1905 1578 1941 θεοῦ
1607 1897 1684 1941 οὐκ
1702 1899 1856 1951 ἔξεστίν
1883 1912 1949 1941 σοι

523 1964 632 2013 τρέφειν
653 1966 724 2016 τὰς
750 1968 890 2019 τρίχας
913 1971 988 2019 τῆς
1015 1969 1192 2017 κεφαλῆς
1217 1967 1286 2006 καὶ
1313 1973 1449 2006 ποιεῖν
1473 1964 1628 2018 σισόην,
1659 1962 1685 2006 ὅ
1713 1965 1823 2006 ἐστιν
1851 1977 1950 2006 σπα-

594 2138 709 2173 lExod.
735 2149 865 2182 20,13.
891 2138 1129 2182 εφη-811111.
1156 2139 1259 2180 18,.7
1285 2137 1593 2178 -231Tim.6,
1621 2147 1669 2170 11.

593 2234 917 2274 112καὶουκέπίθ.
939 2234 1297 2276 >οι2σοιοείζ
1321 2234 1383 2268 D:
1406 2230 1952 2278 >311ρν14οἷπέσχου-

523 2281 636 2346 ι’ξ’ῐὴ*>
651 2293 690 2332 a!
709 2294 731 2326 δ
746 2290 895 2333 μὲντοιε
912 2290 981 2332 μὲν
995 2290 1028 2331 11,
1044 2290 1081 2324 δὲ
1099 2300 1120 2323 ο
1140 2290 1145 2331 Ι
1165 2293 1185 2324 6
1204 2283 1323 2323 ὥστεε
1341 2283 1465 2331 ὥσπερ
1489 2288 1511 2321 11
1530 2291 1537 2331 Ι
1557 2292 1575 2322 7
1590 2300 1664 2331 ευρ.
1681 2285 1725 2323 σὺ
1741 2291 1806 2323 τοῦ
1822 2287 1873 2323 ἐκ.
1889 2301 1925 2322 π.

523 2333 651 2380 ‘volume
677 2356 734 2379 σοι
767 2356 808 2379 το
837 2344 890 2379 ἐκ.
917 2341 1178 2387 παραπτώματι
1208 2353 1230 2376 o
1255 2345 1260 2384 l
1290 2339 1380 2386 αυτῇ
1409 2342 1431 2375 11
1455 2347 1491 2386 p·-’
1513 2355 1533 2375 v
1562 2342 1604 2376 cf.
1632 2342 1673 2383 11,
1698 2352 1747 2382 xo,
1772 2351 1790 2375 2
1815 2354 1821 2375 :
1845 2339 1954 2385 αὐτῆς

522 2399 638 2435 ²1³·>o
655 2401 660 2438 Ι
676 2403 696 2433 8
720 2397 909 2442 γινόμενος
931 2399 954 2432 h
973 2401 978 2440 1
998 2402 1019 2432 9
1041 2395 1158 2432 κακὸν
1179 2394 1237 2431 διὰ
1260 2394 1389 2432 τούτου
1413 2408 1432 2440 p
1450 2408 1469 2428 v
1488 2397 1493 2438 1
1517 2399 1556 2431 13
1578 2397 1775 2438 μετρίασον
1794 2399 1831 2436 -ὶ-
1847 2392 1894 2431 αὔ
1909 2407 1930 2429 o

524 2447 551 2478 14
564 2446 645 2495 κόμης
662 2451 708 2496 μὴ
724 2464 762 2487 π.
786 2464 795 2487 :
818 2456 978 2496 κεφαλῆς
999 2449 1049 2495 μὴ
1068 2451 1335 2495 παραστρέφων
1353 2462 1374 2484 0
1392 2459 1400 2492 ι
1422 2454 1461 2485 15
1484 2453 1675 2492 καθαιρῶν
1690 2450 1720 2483 D
1739 2462 1746 2483 :
1763 2451 1953 2493 καθαίρων

552 2501 571 2533 Α
584 2505 588 2535 ἶ
600 2506 927 2550 κατακτενιζομένου
949 2512 984 2540 a²
1007 2506 1146 2540 fortasse
1169 2511 1269 2545 recte,
1293 2505 1382 2538 nolui
1401 2510 1509 2538 autem
1527 2515 1545 2537 a
1561 2504 1726 2537 codicibus
1744 2505 1952 2537 consentien-

520 2551 576 2588 fibss
585 2558 729 2595 &cedere
748 2563 754 2603 Ι
777 2565 817 2596 15
835 2565 874 2596 16
886 2564 1078 2605 τηροῦντες
1091 2571 1112 2594 o
1133 2561 1137 2601 1
1160 2563 1199 2594 16
1217 2557 1237 2602 ἢ
1256 2570 1433 2600 καταμεμ.
1448 2570 1455 2591 :
1469 2560 1529 2592 καὶ
1547 2560 1892 2602 καταμαριζωμενου
1909 2569 1931 2592 o
1950 2563 1953 2566 '

519 2614 600 2645 mr&
616 2614 642 2655 h,
663 2613 759 2651 αὐτῶ
783 2626 805 2649 0
825 2619 829 2656 1
851 2619 892 2649 18
914 2627 971 2649 σοι
996 2627 1004 2649 :
1028 2626 1095 2649 σου
1117 2624 1138 2647 0
1159 2616 1163 2649 Ι
1184 2611 1351 2657 κεχρήσω
1369 2623 1391 2646 o
1411 2615 1415 2652 Ι
1438 2615 1477 2646 19
1501 2612 1728 2655 κακοτέχνοις
1743 2617 1777 2646 a²
1793 2612 1815 2645 h
1833 2623 1854 2646 o
1870 2624 1890 2656 p
1907 2625 1927 2645 v
1944 2625 1952 2646 :

517 2672 604 2704 'mea
618 2670 623 2709 Ι
640 2665 848 2712 ὖπορρᾰψῃς
862 2675 896 2703 2²
911 2670 933 2703 h
948 2665 1171 2712 (ὑποράψης)
1187 2679 1207 2711 p
1223 2667 1265 2701 cf.
1282 2668 1311 2701 D
1328 2667 1357 2700 A
1374 2679 1381 2700 :
1400 2662 1602 2710 ὑπορρίψης
1618 2678 1636 2700 a
1653 2678 1684 2707 v,
1699 2665 1892 2711 α’πορίψεις
1910 2678 1931 2700 o
1952 2703 1954 2705 ,

517 2717 600 2755 ἳθιιαὶ
618 2734 634 2756 a
655 2724 675 2756 b
698 2734 721 2757 o
745 2735 753 2757 :
775 2726 836 2758 καὶ
859 2722 899 2758 τὺ
923 2735 943 2767 p
966 2736 986 2756 v
1006 2726 1011 2766 ί
1031 2728 1070 2758 21
1096 2734 1163 2757 σου
1185 2727 1228 2761 >
1253 2732 1275 2755 o
1301 2724 1305 2761 ἰ
1329 2717 1445 2755 πάντα
1467 2724 1578 2756 ταῦτα
1602 2732 1622 2765 p
1646 2732 1666 2753 v
1685 2725 1692 2761 Ι
1713 2719 1952 2763 ἑταιρισμοῦε

514 2778 663 2818 ’θερισμὸς
676 2788 698 2811 0
719 2782 723 2819 1
742 2781 784 2813 23
802 2781 862 2812 καὶ
878 2782 922 2817 >
935 2788 957 2811 o
977 2779 982 2818 1
1002 2777 1150 2820 ἐξέστην
1165 2787 1186 2810 ο
1206 2777 1212 2818 Ι
1231 2779 1331 2818 23124
1349 2786 1406 2809 σοι
1424 2774 1570 2818 τρέφειν
1585 2780 1627 2815 >
1646 2785 1667 2808 o
1687 2776 1694 2817 Ι
1713 2778 1756 2809 24
1773 2777 1834 2809 καὶ
1850 2779 1893 2813 >
1910 2785 1954 2808 o

511 2825 628 2873 θωὸηνν
650 2844 658 2864 :
683 2829 806 2875 εἰσόην
821 2843 851 2876 p,
875 2831 950 2871 elc‘
943 2844 981 2866 εν
1003 2842 1021 2865 a
1042 2831 1075 2870 11,
1100 2830 1152 2870 ε’ἰς
1168 2828 1242 2865 ἔνο
1262 2830 1267 2871 Ι
1286 2833 1328 2864 25
1352 2826 1373 2872 ἢ
1395 2826 1568 2872 μεριστὴν
1591 2840 1643 2873 p:
1668 2824 1688 2871 ἢ
1710 2830 1815 2871 μερὶς
1835 2826 1898 2870 τὴν
1922 2839 1954 2867 0,

507 2874 688 2929 ἧμερισμὴν
710 2897 742 2925 v,
765 2883 784 2928 ἢ
807 2884 986 2928 μερισμὸν
1007 2886 1042 2928 11,
1067 2883 1087 2928 ἢ
1110 2883 1378 2927 μεμερισμένην
1399 2893 1418 2916 a
1438 2884 1444 2923 Ι
1464 2879 1546 2917 ουδὲ
1570 2893 1588 2916 a
1612 2883 1633 2916 h
1657 2893 1678 2916 ο
1702 2894 1709 2915 :
1734 2878 1817 2917 οὔτε
1842 2892 1862 2926 p
1885 2894 1905 2914 v
