2457 3436
843 401 1155 431 consmwrtowzs
1183 401 1460 431 APOSTOLORUM.
1847 394 1894 431 17

387 496 480 549 γὰρ
510 496 700 549 περιόντι
728 497 919 538 ἐναντίον
951 492 1002 550 ἦν
1035 497 1085 539 τὸ
1121 502 1252 547 θετον,
1290 499 1417 552 δῆλον
1451 496 1515 539 ὅτι
1544 500 1612 539 καὶ
1638 499 1894 551 μεταστάντι.

393 562 449 602 C.
480 563 532 602 A.
562 561 667 611 VIII,
696 573 762 615 43,
797 573 910 602 1—2.

1123 648 1177 681 Vl.

769 712 1030 746 ANTIOCHUS
1052 712 1305 746 MONACHUS
1331 714 1373 756 [c.
1397 724 1425 746 a.
1449 712 1538 756 620].

516 776 637 818 Hom.
673 789 761 828 121,
797 777 933 831 Migne
962 777 1032 819 PG
1062 778 1126 829 89,
1162 791 1280 831 1774:
1321 780 1450 832 Φησὶν
1478 777 1503 831 ἡ
1534 783 1628 821 θεῖα
1657 778 1802 833 γραφή,
1840 778 1897 827 ὡς

400 840 559 895 ἤρξατο
587 839 610 883 ὃ
636 837 789 896 Ἰησοῦς
823 852 957 884 ποιεῖν
984 858 1029 884 τε
1056 843 1126 884 καὶ
1154 843 1370 884 διδάσκειν.
1426 849 1598 895 πρῶτον
1632 844 1796 897 ἐποίησε
1829 846 1895 885 καὶ

400 904 541 954 οὕτως
577 906 765 957 ἐδίδαξεν.
823 905 977 959 ὁμοίως
1010 909 1076 948 καὶ
1111 903 1237 956 αὐτὸς
1271 907 1500 949 ἐντέλλεται
1530 909 1679 961 λέγων·
1706 905 1772 957 Ὃς
1805 924 1895 951 ποι·

400 971 492 1025 η’σει
527 972 595 1012 καὶ
630 971 791 1022 διδάξει,
833 964 956 1020 οὖτος
993 974 1114 1025 μέγας
1148 970 1395 1026 κληθήσεται
1429 973 1474 1014 ἐν
1509 978 1560 1025 τῇ
1591 975 1774 1028 βασιλείᾳ
1808 980 1897 1014 τῶν

401 1051 611 1088 ουρανων.

515 1100 606 1134 Haec
629 1100 740 1134 omnia
763 1100 916 1143 leguntur
932 1100 970 1134 C.
988 1101 1027 1134 A.
1045 1101 1082 1142 11,
1100 1100 1130 1142 6,
1148 1100 1178 1134 6.
1216 1101 1318 1134 Modo
1342 1101 1502 1135 secundus
1521 1112 1632 1135 versus
1650 1102 1735 1146 apud
1750 1103 1895 1136 Pseudo-

400 1154 619 1188 Clementem
643 1155 783 1198 pritnum
807 1154 916 1188 Iocum
940 1155 1076 1188 obtinet.
1115 1155 1177 1188 Vix
1201 1161 1250 1188 est
1274 1155 1417 1195 dubium,
1441 1156 1641 1190 Antiochum
1667 1167 1684 1189 e
1703 1156 1896 1190 Constituti-

398 1208 522 1241 onibus
545 1208 705 1242 hausisse.

1119 1273 1190 1306 vn.

602 1336 866 1385 TIMOTffl-{US
889 1336 1475 1372 CONSTANTINOPOLITANUS
1500 1339 1540 1382 [c.
1564 1349 1592 1372 a.
1613 1338 1703 1382 625J.

515 1402 578 1443 De
608 1402 850 1456 Receptione
886 1401 1183 1453 baereticorum,
1221 1402 1281 1444 ed.
1313 1403 1518 1454 Meursius,
1554 1404 1763 1446 variorum
1803 1404 1898 1446 divi-

400 1481 550 1509 norum
581 1466 676 1508 liber
704 1481 804 1508 unus
838 1469 938 1519 1619
969 1481 1005 1521 p.
1037 1480 1130 1520 1173
1159 1467 1294 1521 Migne
1314 1467 1382 1509 PG
1403 1469 1468 1518 86,
1490 1480 1559 1509 22:
1582 1467 1665 1511 Ὅτι
1695 1471 1739 1511 δὲ
1766 1475 1899 1512 ταῦτα

403 1533 536 1585 ψευδῆ
576 1533 690 1582 εἰσιν,
738 1530 863 1574 ἄκουε
899 1536 990 1573 τῶν
1015 1531 1308 1583 <Διατάξεων>
1335 1532 1644 1574 α’ποστολικῶν·
1677 1532 1819 1586 Ὁρᾶτε
1845 1535 1898 1576 τὰ

400 1593 464 1638 ἐπ’
505 1593 678 1649 ὀνόματι
712 1594 832 1650 ἡμῶν
865 1595 964 1650 παρ’
996 1593 1157 1646 ἀσεβῶν
1192 1599 1479 1649 κρατυνθέντα
1511 1600 1646 1648 βιβλία
1681 1598 1737 1653 μὴ
1772 1615 1898 1652 παρα-

401 1663 615 1714 δέχεσθαι·
653 1659 706 1702 οὐ
740 1660 819 1714 γὰρ
855 1669 943 1710 τοῖς
977 1657 1149 1713 ὀνόμασι
1181 1661 1257 1715 χρὴ
1294 1659 1397 1714 ὑμᾶς
1430 1664 1643 1715 προσέχειν
1676 1669 1766 1705 τῶν
1800 1660 1899 1706 ἀπο-

401 1725 586 1776 στόλων,
624 1725 728 1767 α’λλὰ
764 1730 816 1777 τῇ
849 1724 968 1777 φύσει
1002 1730 1092 1767 τῶν
1126 1724 1382 1779 πραγμάτων
1418 1728 1487 1768 καὶ
1523 1727 1664 1780 γνώμῃ
1701 1734 1753 1780 τῇ
1787 1728 1898 1771 α’δια-

403 1791 590 1845 στρόᾳῳ.
648 1791 811 1843 οἴδαμεν
843 1789 933 1843 γάρ,
970 1789 1034 1832 ὅτι
1070 1790 1109 1831 οἱ
1142 1792 1235 1843 περὶ
1263 1794 1434 1843 Σίμωνα
1471 1794 1538 1833 καὶ
1571 1792 1770 1843 Κλεόβιον
1798 1793 1900 1848 lawr)

403 1855 679 1907 συντάξαντες
703 1857 839 1905 βιβλία
867 1851 926 1896 ἐπ’
954 1851 1124 1908 ὀνόματι
1146 1858 1326 1908 Χριστοῦ
1354 1858 1422 1897 καὶ
1440 1860 1528 1898 τῶν
1545 1863 1751 1911 μαθητῶν
1769 1858 1900 1900 αὐτοῦ

401 1922 698 1974 περιφέρουσιν
731 1921 787 1969 εἰς
821 1919 987 1974 α’πάτην
1022 1919 1143 1973 ὑμῶν
1176 1926 1266 1962 τῶν
1299 1920 1589 1974 πεφιληκότων
1617 1923 1798 1975 Χριστὸν
1832 1926 1900 1965 καὶ

405 1983 510 2039 ἡμᾶς
537 1985 637 2034 τοὺς
666 1984 796 2027 αὐτοῦ
824 1984 1011 2033 δούλους.
1067 1987 1135 2026 καὶ
1169 1985 1212 2026 ἐν
1242 1994 1330 2033 τοῖς
1362 1989 1553 2034 παλαιοῖς
1587 1988 1633 2028 δέ
1664 2003 1772 2037 τινες
1807 2000 1899 2030 συν-

404 2054 593 2104 έγραψαν
619 2053 755 2100 βιβλία
784 2048 1007 2102 α’πόκρυφα
1027 2051 1237 2097 Μωϋσέως
1261 2053 1328 2091 καὶ
1347 2046 1471 2103 Ἐνώχ
1500 2053 1567 2092 καὶ
1580 2050 1712 2104 Ἀδάμ,
1736 2051 1900 2095 Ἡσαΐου

406 2131 451 2158 τε
481 2117 551 2157 καὶ
569 2116 695 2157 Δαυὶδ
722 2117 788 2156 καὶ
814 2114 949 2156 Ἠλίου
977 2117 1045 2156 καὶ
1074 2120 1163 2156 τῶν
1191 2120 1322 2167 τριῶν
1353 2120 1631 2169 πατριαρχῶν,
1660 2118 1901 2171 φθοροποιά

404 2183 476 2222 καὶ
503 2183 579 2233 τῆς
607 2177 803 2233 ἀληθείας
832 2175 1046 2221 ἀντίθετα·
1076 2185 1250 2221 τοιαῦτα
1278 2181 1347 2221 καὶ
1372 2183 1449 2221 νῦν
1468 2180 1695 2234 ἐπενόησαν
1714 2182 1753 2223 οἱ
1773 2184 1898 2224 δυσώ-

406 2260 543 2298 νυμοι,
573 2244 859 2294 διαβάλλοντες
887 2245 1163 2299 δημιουργίαν,
1192 2243 1334 2297 γάμον,
1363 2248 1588 2297 περίνοιαν,
1621 2250 1899 2300 τεκνογονίαν,

405 2310 554 2362 νόμον,
593 2308 825 2364 προφήτας·
863 2308 1050 2362 βάρβαρά
1086 2325 1179 2350 τινα
1214 2305 1396 2362 ὀνόματα
1435 2311 1704 2364 ἐγγράφοντες
1740 2314 1809 2353 καὶ
1844 2310 1901 2361 ὡς

401 2371 529 2417 αὐτοί
555 2386 681 2426 φασιν
710 2372 909 2428 α’γγὲλων,
938 2374 988 2415 τὸ
1014 2372 1052 2416 δ’
1080 2373 1232 2428 α’ληθὲς
1261 2375 1389 2415 εἰπεῖν
1417 2375 1628 2427 δαιμόνων
1653 2382 1742 2417 τῶν
1761 2374 1901 2425 αὐτοῖς

408 2438 694 2495 ὖπηχούντων.
743 2432 805 2480 ὦν
834 2437 1085 2491 α’ποφεύγετε
1112 2438 1188 2493 τὴν
1208 2440 1484 2488 διδασκαλίαν,
1514 2440 1580 2481 ἵνα
1606 2440 1660 2494 μὴ
1678 2442 1900 2496 μετάσχητε

405 2510 483 2558 τῆς
511 2506 710 2558 τιμωρίας
736 2508 825 2545 τῶν
853 2500 960 2545 αὐτὰ
990 2505 1340 2557 συγγραψαμένων
1368 2503 1433 2545 ἐπ’
1460 2501 1594 2557 ἀπάτῃ
1623 2508 1687 2547 καὶ
1719 2502 1901 2561 ἀπωλείᾳ

405 2574 497 2611 τῶν
525 2574 690 2611 πιστῶν
718 2571 786 2610 καὶ
813 2568 1037 2621 ἀμέμπτων
1066 2574 1141 2610 τοῦ
1170 2572 1315 2621 κυρίου
1342 2574 1560 2624 μαθητῶν.
1610 2571 1656 2611 C.
1677 2572 1724 2612 A.
1747 2571 1815 2621 VI,
1842 2574 1901 2613 16.

1116 2687 1199 2720 vm.

685 2751 972 2786 SOPHRONIUS
996 2751 1452 2786 fflERosoLYmTANUs
1474 2754 1509 2796 [ψ
1533 2752 1632 2796 638J?

518 2829 562 2870 In
599 2828 800 2882 scriptura,
836 2841 953 2882 quam
990 2826 1115 2869 codex
1143 2828 1353 2870 Vaticanus
1389 2828 1504 2871 tradit
1537 2829 1608 2870 sub
1637 2829 1767 2872 titulo:
1805 2833 1903 2882 Περὶ

404 2894 654 2947 ἐξαγγελιῶν
683 2893 729 2934 ἐκ
756 2899 832 2934 τοῦ
862 2890 981 2946 ἁγίου
1009 2891 1580 2946 ΣωφρονίουἹεροσολύμων,
1611 2902 1649 2936 et
1677 2897 1724 2936 A.
1755 2895 1834 2936 Mai
1864 2896 1903 2936 in

472 2960 594 2999 Fuxx,
619 2959 749 2992 DmAzc.
773 2968 812 2991 rr
835 2957 984 2992 Cous-rvr.
1007 2968 1058 2991 ΑΡ.
1104 2959 1141 2991 11.
1752 2963 1772 2993 2
