2457 3436
723 365 989 396 amsromnuu
1017 365 1081 399 vn.
1110 367 1161 405 38,
1183 366 1301 404 8--39‚
1325 367 1355 398 3.
1706 356 1782 394 441

452 475 477 502 s
510 462 620 516 quasi
657 461 861 503 hominem
891 461 1042 511 misisti,
1077 462 1142 516 qui
1172 462 1288 502 etiam
1318 468 1377 502 est
1405 462 1512 502 Deus
1541 461 1763 514 unigenitus
1771 477 1785 512 ;

452 536 529 568 tum
559 528 598 568 in
617 526 732 568 nobis
751 525 875 568 fecisti
903 526 1086 576 habitare,
1114 526 1276 580 angelos
1305 525 1419 567 nobis
1446 525 1676 580 praefecisti,
1706 526 1784 567 dia-

457 590 653 633 dedecore
682 592 894 646 aspersisti;
930 605 1018 641 nos,
1047 606 1136 632 cum
1167 605 1248 632 non
1279 605 1466 641 essemus,
1495 590 1632 641 fecisti,
1660 589 1784 632 factos

452 670 515 706 vas,
545 657 663 698 vitam
693 656 904 706 admetiris,
933 655 1154 711 suppeditas
1179 657 1477 706 nutrimentum,
1506 655 1780 710 paenitentiam

452 735 488 762 ιε
518 735 572 763 es.
628 723 667 763 8.
697 722 774 762 Pro
803 721 988 762 omnibus
1015 720 1084 762 tibi
1112 720 1235 774 gloria
1265 729 1303 762 et
1331 721 1532 762 veneratio
1561 734 1630 776 per
1653 720 1782 762 Iesum

455 800 494 826 m
516 800 620 828 nunc
641 794 680 828 et
698 800 854 841 semper
873 794 912 828 et
930 787 970 827 iu
989 785 1153 835 saecula,
1172 800 1300 826 amen.
1342 799 1378 838 9.
1400 786 1506 827 Haec
1527 785 1783 836 meditamini,

471 858 510 892 et
537 852 587 892 sit
604 851 802 892 Dominus
831 850 1032 893 vobiscum
1063 852 1101 891 in
1130 858 1232 892 terra
1261 858 1300 892 et
1329 852 1368 891 in
1386 864 1511 904 regno
1541 852 1658 905 patris
1687 852 1783 901 eius,

453 915 562 956 illum
591 916 697 957 misit
725 923 764 957 et
792 929 868 957 nos
887 929 956 970 per
976 930 1064 957 eum
1086 915 1261 956 liberavit
1282 930 1327 956 ex
1344 917 1521 956 servitute
1539 917 1784 970 corruptionis

453 989 569 1022 tatem
595 980 742 1034 gloriae
769 995 814 1022 ac
842 981 1021 1034 promisit
1048 981 1166 1022 vitam
1197 981 1255 1030 iis,
1283 981 1349 1035 qui
1379 994 1448 1034 per
1478 995 1566 1022 eum
1588 981 1627 1021 in
1649 980 1780 1022 Deum

452 1060 566 1087 orum
598 1045 857 1087 crediderunt.

452 1110 593 1152 XXIX.
624 1110 974 1160 Quemadmodum
996 1111 1112 1164 igitur
1132 1112 1261 1152 vivere
1282 1110 1460 1160 debeant,
1489 1111 1555 1165 qui
1576 1111 1614 1151 in
1635 1110 1782 1151 Christi

452 1190 481 1217 ne
513 1183 603 1217 sunt
633 1176 783 1225 initiati,
814 1183 853 1217 et
883 1189 976 1230 quas
1007 1177 1214 1229 gratiarum
1247 1176 1421 1217 actiones
1450 1176 1538 1216 Deo
1571 1189 1640 1230 per
1669 1175 1783 1217 Chri-

455 1241 634 1290 estinare,
670 1240 817 1282 dictum
849 1247 906 1282 est
934 1241 973 1281 in
1003 1240 1283 1294 superioribus;
1318 1254 1485 1295 aequum
1515 1254 1610 1281 vero
1640 1246 1710 1289 est,
1741 1247 1782 1282 ut

479 1292 544 1359 qui
574 1306 710 1347 initiati
740 1319 821 1347 non
850 1313 953 1355 sunt,
988 1305 1130 1346 auxili0
1160 1305 1366 1346 destitutos
1395 1319 1477 1345 non
1506 1304 1780 1359 relinquamus.

452 1369 574 1424 xlx).
605 1370 687 1419 Qui
708 1384 803 1424 ergo
832 1369 881 1411 ad
902 1369 1118 1411 doctrinam
1151 1371 1302 1424 pietatis
1327 1369 1576 1411 instruendus
1595 1377 1665 1420 est,
1696 1384 1780 1410 eru—

452 1442 533 1476 inte
561 1435 794 1489 baptismum
824 1436 864 1476 in
894 1436 1053 1476 scientia
1081 1434 1130 1476 de
1150 1436 1239 1476 Deo
1269 1436 1460 1488 ingenito,
1490 1436 1529 1475 in
1551 1435 1781 1488 cognitione

479 1500 700 1553 unigenito,
735 1500 774 1540 in
803 1500 1054 1553 persuasione
1091 1507 1194 1541 certa
1222 1499 1270 1541 de
1299 1500 1434 1553 spiritu
1468 1506 1625 1548 sancto;
1661 1499 1781 1540 discat

452 1565 500 1605 iis
539 1563 713 1605 diversae
756 1563 951 1614 ordinem,
995 1564 1262 1618 providentiae
1305 1565 1461 1613 seriem,
1500 1564 1627 1605 variae
1668 1562 1781 1616 legis-

463 1628 685 1679 tribunalia3
714 1629 920 1679 erudiatur,
949 1643 1067 1684 quare
1088 1628 1256 1670 mundus
1277 1629 1325 1670 sit
1353 1628 1474 1670 factus
1496 1636 1535 1670 et
1553 1642 1621 1669 cur
1642 1628 1779 1670 mundi

453 1707 539 1735 ›mo
561 1695 795 1735 constitutus
825 1695 893 1744 sit;
922 1703 1109 1747 agnoscat
1137 1702 1312 1735 naturam
1340 1708 1464 1742 suam,
1492 1707 1682 1747 quaenam
1713 1693 1780 1743 sit;

452 1767 548 1808 atur,
567 1759 775 1813 quomodo
788 1759 896 1799 Deus
915 1759 1120 1812 improbos
1139 1773 1235 1813 aqua
1257 1767 1294 1800 et
1313 1759 1404 1812 igne
1424 1759 1604 1813 punierit,
1624 1766 1780 1799 sanctos

452 1837 482 1864 rr
510 1822 683 1877 singulas
701 1831 844 1864 aetates
872 1823 1160 1877 glorificaverit,
1187 1824 1333 1865 scilicet
1353 1823 1460 1872 Seth,
1486 1823 1605 1873 Enos,
1629 1822 1779 1872 Enoch,

453 1888 620 1929 braham
651 1894 691 1929 et
717 1896 898 1942 posteros
927 1889 1021 1939 eius,
1048 1888 1323 1939 Melchisedec,
1343 1887 1426 1938 Iob,
1449 1888 1779 1938 Mosem,1esum,

470 1961 511 1995 et
546 1953 735 1994 Phineem
769 1953 1015 1995 sacerdotem
1050 1961 1283 2007 sanctosque
1317 1953 1554 2006 singularum
1590 1960 1779 2003 aetatum3

457 2017 626 2059 modum
647 2032 715 2072 per
742 2018 1026 2073 providentiam
1049 2019 1157 2059 Deus
1178 2019 1390 2060 humanum
1412 2033 1537 2072 genus
1566 2011 1648 2059 non
1669 2032 1775 2058 aver-

452 2084 558 2132 serit,
599 2082 668 2124 sed
706 2082 753 2124 ab
793 2097 925 2124 errore
963 2098 1007 2124 ac
1048 2084 1215 2124 vanitate
1254 2084 1307 2124 ad
1345 2085 1570 2137 agnitionem
1611 2084 1781 2124 veritatis

454 2227 601 2262 στειλας
618 2243 656 2247 -
679 2219 888 2268 ἄνθρωπον]
911 2225 1000 2258 Haec
1068 2225 1155 2264 VIII,
1184 2226 1214 2264 6,
1238 2226 1269 2258 8.
1296 2234 1350 2265 10;
1386 2234 1433 2265 12,
1457 2226 1493 2266 63
1532 2233 1579 2264 14,
1607 2234 1638 2267 3;
1673 2226 1724 2265 48,
1752 2234 1779 2267 3.

455 2289 494 2312 or
518 2278 726 2322 interpolavit
748 2278 787 2318 II,
806 2287 858 2319 24,
876 2288 903 2321 3.
943 2278 1000 2322 Ep.
1068 2278 1231 2323 Origenes
1262 2279 1453 2322 saepissime
1488 2279 1533 2312 sic
1562 2278 1698 2323 loquens
1728 2279 1779 2311 De

452 2344 471 2366 ι.
496 2342 527 2375 7,
551 2342 589 2372 4:
620 2328 669 2371 ὠς
697 2328 893 2375 ἄνθρωπον
913 2331 1002 2374 πρὸς
1068 2333 1168 2376 princ.
1188 2333 1212 2372 1,
1227 2342 1255 2372 2,
1268 2333 1288 2365 6
1306 2343 1458 2376 expresse
1474 2333 1561 2373 dicit,
1575 2332 1779 2365 Christianos

452 2399 502 2426 »vc
542 2385 715 2428 ἔπεμψεν.
753 2407 792 2412 -
826 2383 1002 2429 ἀγγέλους
1067 2386 1147 2419 nihil
1181 2387 1362 2431 ingenitum
1398 2386 1418 2420 i.
1447 2397 1476 2419 e.
1505 2388 1651 2419 innatum
1686 2385 1778 2419 fateri

453 2441 499 2484 ις]
523 2440 578 2474 Cf.
593 2440 678 2480 VIII,
702 2449 754 2480 41,
778 2450 811 2482 5;
834 2440 909 2474 Eus.
935 2441 1000 2474 De·
1067 2446 1195 2485 praeter
1217 2441 1324 2474 solum
1341 2441 1449 2474 Deum
1472 2446 1608 2484 patrem.
1648 2440 1779 2484 Grego-

452 2505 567 2537 evang.
592 2493 649 2533 111,
675 2503 701 2536 3,
729 2495 783 2533 18;
807 2494 861 2535 IV,
884 2493 915 2534 6,
939 2505 969 2538 9.
1069 2496 1133 2528 rius
1167 2495 1245 2528 Naz.
1276 2495 1368 2528 Orat.
1400 2504 1437 2536 25
1470 2505 1497 2528 c.
1531 2504 1564 2536 15
1596 2494 1778 2527 doctrinam

452 2548 483 2582 t.
497 2543 619 2588 Ὅπως
639 2546 706 2591 χρὴ
728 2546 811 2588 τοὺς
829 2560 1002 2592 κατηχου-
1069 2549 1262 2582 catholicam
1276 2558 1348 2582 esse
1361 2549 1472 2581 docet:
1488 2546 1549 2583 ἕνα
1561 2549 1629 2589 μὲν
1647 2548 1778 2583 εἰδέναι

468 2605 751 2645 στοιχειοῦσθαι.
818 2602 1002 2641 Quomodo
1070 2601 1158 2636 θεὸν
1172 2601 1381 2646 ἀγέννητον,
1405 2601 1467 2636 τὸν
1481 2602 1630 2644 πατέρα,
1654 2601 1716 2637 ἕνα
1739 2603 1778 2636 δὲ

460 2656 718 2690 catechumenos
742 2656 875 2690 institui.
1068 2655 1239 2700 γεννητὸν
1260 2654 1397 2698 κύριον,
1420 2655 1483 2690 τὸν
1507 2654 1585 2691 υἱὸν
1606 2659 1679 2691 κτλ.
1726 2656 1778 2691 Cf.

452 2709 592 2753 ννὴτου]
605 2710 658 2743 Sic
676 2716 802 2744 veteres
819 2711 1001 2744 sexcenties
1068 2721 1149 2754 quae
1178 2711 1336 2754 disputavi
1369 2711 1401 2744 in
1430 2710 1512 2744 libro
1536 2711 1600 2744 Die
1621 2711 1779 2755 Apostoli-

452 2770 551 2798 1trem
575 2764 737 2808 appellant
768 2770 822 2797 aut
850 2765 999 2798 absolute
1065 2765 1151 2797 scheri
1169 2765 1420 2797 Konstitutionen
1441 2766 1517 2808 1891
1544 2776 1574 2808 p.
1594 2774 1778 2805 120—1213

453 2829 495 2852 en
527 2818 593 2851 Dei
624 2818 675 2851 vel
705 2819 803 2862 patris
832 2818 999 2852 addentes.
1066 2818 1247 2862 Lightfoot‚
1276 2818 1308 2852 S.
1338 2819 1482 2862 Ignatius
1516 2820 1593 2861 1885
1627 2819 1664 2859 11,
1689 2819 1714 2858 1,
1738 2829 1780 2862 90

452 2883 477 2913 ι,
505 2882 544 2913 4;
578 2881 631 2913 42,
661 2882 695 2913 2;
728 2881 781 2913 44,
812 2881 847 2912 2;
881 2882 934 2915 47,
965 2882 999 2913 2;
1067 2882 1160 2917 -94-

1807 1052 1851 1082 10

1807 1376 1846 1407 15
