2457 3436
1121 369 1214 398 smu
1219 369 1350 398 rioms.
1904 362 1920 399 1
1930 362 1952 399 9
1962 362 1979 399 1

473 461 685 514 adveniam
712 478 873 505 sensum
903 464 937 506 ei
966 463 1105 518 largire
1133 472 1173 506 et
1201 465 1471 518 cognitionem
1502 472 1541 507 et
1569 480 1632 507 cor
1659 465 1818 516 bonum;
1844 466 1911 508 fiat
1940 467 1981 508 in

480 542 536 569 eo
567 529 723 582 spiritus
752 528 918 579 divinus,
953 536 996 571 ut
1029 530 1154 584 possit
1180 529 1447 571 administrare
1478 530 1666 585 populum
1695 538 1805 572 tuum
1837 538 1876 572 et
1904 532 1979 572 dis-

475 600 642 647 pensare
674 594 788 635 verba
823 600 887 635 tua
916 594 1044 636 divina
1081 602 1119 636 et
1157 594 1397 636 reconciliare
1423 595 1613 650 populum
1648 603 1760 637 tuum
1794 596 1864 638 tibi
1890 596 1980 637 Deo

485 658 674 700 increato.
723 671 760 700 2.
791 658 874 709 Qui
893 658 1051 712 largitus
1069 673 1111 700 es
1131 672 1157 700 a
1173 661 1306 714 spiritu
1326 660 1451 700 Mosis
1469 661 1641 714 spiritum
1670 668 1848 702 sanctum
1871 666 1982 716 super

487 723 649 774 electos,
690 723 815 765 tribue
856 731 894 765 et
932 723 1021 765 huic
1055 724 1233 778 spiritum
1269 732 1447 765 sanctum
1485 739 1507 765 e
1541 726 1678 779 spiritu
1713 726 1904 779 unigeniti
1939 726 1979 767 in

485 788 649 841 gratiam
677 789 880 843 sapientiae
909 796 943 829 et
969 790 1186 842 cognitionis
1213 796 1247 829 et
1266 788 1363 843 fidei
1389 797 1529 839 rectae,
1557 798 1600 831 ut
1629 792 1752 844 possit
1776 791 1845 833 tibi
1866 791 1980 832 mini-

485 860 608 894 strare
637 854 677 894 in
704 855 925 895 conscientia
946 862 1049 908 pura
1084 868 1153 908 per
1181 855 1426 908 unigenitum
1464 862 1575 896 tuum
1604 854 1733 897 Iesum
1765 855 1979 906 Christum,

483 932 555 972 per
584 933 702 973 quem
736 918 805 960 tibi
832 918 956 973 gloria
985 926 1024 961 et
1058 920 1266 973 imperium
1300 926 1338 961 et
1373 934 1477 961 nunc
1512 928 1550 961 et
1586 920 1624 962 in
1661 922 1796 962 omnia
1829 922 1981 963 saecula

483 983 746 1034 saeculorum,
775 997 904 1025 amen.

1072 1156 1247 1198 XXVIII
1277 1156 1398 1213 (xrv).

773 1234 1028 1276 Benedictio
1056 1234 1104 1274 in
1130 1235 1452 1296 constitutione
1481 1235 1693 1286 episcopi.

602 1333 634 1361 1.
665 1319 746 1370 Qui
764 1319 985 1361 Dominum
1007 1319 1128 1361 Iesum
1157 1320 1292 1360 misisti
1317 1320 1356 1361 in
1386 1319 1536 1361 lucrum
1566 1320 1672 1361 orbis
1700 1322 1885 1372 universi,
1915 1322 1980 1376 qui

484 1398 556 1438 per
587 1398 675 1426 eum
712 1384 892 1439 apostolos
920 1383 1073 1438 elegisti,
1110 1384 1176 1439 qui
1204 1397 1229 1425 a
1254 1386 1492 1438 generatione
1526 1386 1564 1426 in
1591 1387 1867 1439 generationem
1902 1389 1981 1440 epi-

485 1462 632 1504 scopos
665 1456 823 1491 sanctos
858 1448 1034 1491 ordinas:
1069 1448 1140 1499 fac,
1176 1449 1282 1490 Deus
1315 1451 1498 1500 veritatis,
1535 1458 1575 1491 et
1610 1450 1712 1491 hunc
1749 1451 1979 1504 episcopum

484 1516 635 1564 vivum,
670 1515 898 1569 episcopum
935 1522 1112 1556 sanctum
1149 1515 1408 1556 successionis
1437 1522 1662 1557 sanctorum
1692 1515 1980 1570 apostolorum,

486 1587 525 1622 et
554 1579 603 1621 da
632 1580 667 1621 ei
695 1581 856 1633 gratiam
887 1585 926 1621 et
955 1579 1131 1634 spiritum
1162 1579 1352 1630 divinum,
1388 1594 1507 1634 quem
1535 1580 1693 1633 largitus
1724 1595 1765 1621 es
1795 1579 1980 1621 omnibus

485 1645 609 1687 servis
637 1645 713 1686 tuis
741 1645 922 1698 genuinis
953 1652 991 1686 et
1018 1644 1219 1698 prophetis
1248 1652 1286 1686 et
1316 1645 1558 1698 patriarchis3
1602 1657 1637 1686 2.
1668 1644 1739 1695 fac,
1770 1653 1810 1686 ut
1839 1644 1980 1698 dignus

485 1711 549 1761 sit,
589 1710 656 1765 qui
688 1717 823 1765 pascat
859 1723 1011 1764 gregem
1049 1715 1160 1750 tuum
1199 1716 1313 1764 atque
1351 1709 1597 1751 immaculate
1635 1718 1673 1752 et
1707 1708 1900 1750 inoffense
1941 1710 1980 1750 in

486 1776 714 1831 episcopatu
755 1775 871 1828 degat
914 1788 983 1828 per
1026 1775 1272 1828 unigenitum
1323 1782 1433 1816 tuum
1478 1774 1606 1816 Iesum
1648 1774 1862 1824 Christum,
1912 1787 1981 1828 per

486 1854 603 1895 quem
646 1839 714 1881 tibi
752 1839 875 1893 gloria
910 1847 948 1881 et
982 1839 1190 1893 imperium
1230 1840 1269 1880 in
1304 1847 1439 1881 sancto
1478 1840 1613 1893 spiritu
1652 1847 1690 1881 et
1724 1853 1828 1880 nunc
1864 1846 1902 1880 et
1940 1839 1980 1879 in

487 1905 623 1947 omnia
652 1904 802 1946 saecula
829 1904 1088 1954 saeculorum,
1116 1917 1245 1945 amen.

1078 2087 1216 2129 XXIX
1268 2099 1347 2129 xv11
1373 2120 1382 2129 .

486 2167 639 2208 oratio
673 2167 721 2207 in
747 2166 895 2208 oleum
924 2168 1219 2216 aegrotorum
1247 2086 1403 2206 (velin
1430 2174 1594 2215 panem
1622 2167 1695 2207 vel
1722 2166 1770 2207 in
1799 2169 1983 2216 aquam

600 2265 633 2294 1.
674 2251 907 2293 Invocamus
941 2257 994 2300 te,
1036 2251 1102 2305 qui
1136 2250 1248 2292 habes
1282 2264 1426 2291 omnem
1453 2257 1671 2304 potestatem
1709 2259 1748 2293 et
1782 2252 1978 2302 virtutem,

483 2317 714 2358 salvatorem
749 2317 913 2357 omnium
947 2315 1149 2365 hominum,
1186 2323 1334 2370 patrem
1368 2315 1527 2356 Domini
1560 2316 1678 2356 nostri
1710 2323 1744 2356 et
1776 2316 1979 2357 salvatoris

484 2383 566 2424 Iesu
599 2381 752 2431 Christi,
786 2389 827 2422 et
854 2394 1026 2431 oramus,
1061 2387 1103 2422 ut
1137 2381 1290 2421 emittas
1325 2380 1404 2420 vim
1440 2380 1652 2420 sanationis
1687 2395 1709 2421 e
1745 2380 1858 2422 caelis
1894 2383 1979 2422 uni·

483 2447 609 2501 geniti
638 2460 754 2502 super
783 2446 858 2488 hoc
889 2446 1035 2496 oleum,
1072 2452 1114 2487 ut
1149 2446 1217 2496 eis,
1252 2445 1317 2499 qui
1353 2443 1412 2485 his
1447 2444 1522 2485 tuis
1558 2446 1740 2485 creaturis
1779 2453 1979 2499 unguntur

528 2609 649 2644 XXIX.
674 2610 865 2643 Benedictio
887 2609 952 2643 olei
969 2614 1002 2643 et
1017 2619 1118 2652 aquae
1134 2608 1200 2641 iarn
1266 2618 1339 2640 rum
1362 2607 1550 2640 nominetur
1579 2607 1672 2651 eique
1695 2607 1744 2640 vis
1773 2618 1840 2641 non
1869 2608 1978 2641 solum

484 2674 582 2708 supra
597 2662 703 2704 xvn,
727 2664 761 2696 in
784 2668 874 2707 parte
898 2662 1047 2707 liturgica
1069 2661 1198 2706 legitur.
1266 2661 1400 2694 sanandi
1435 2661 1578 2702 morbos,
1620 2662 1678 2695 sed
1716 2662 1815 2695 etiam
1850 2662 1979 2695 delendi

483 2718 580 2751 Nunc
597 2717 712 2751 similis
728 2717 833 2751 oratio
849 2716 1004 2761 sequitur.
1027 2716 1200 2759 Inscriptio
1267 2721 1399 2759 peccata
1431 2715 1637 2756 adscribatur,
1673 2716 1784 2749 oleum
1814 2722 1979 2750 extremae

483 2773 562 2806 oleo
577 2771 710 2817 quidem
726 2782 844 2816 panem
861 2777 895 2805 et
913 2782 1031 2815 aquam
1042 2770 1200 2813 adiungit.
1266 2770 1428 2802 unctionis
1445 2770 1612 2803 indicatur.
1651 2770 1841 2803 Benedictio
1864 2770 1930 2804 olei
1946 2776 1979 2803 et

484 2826 602 2860 Oratio
648 2826 719 2870 ipsa
756 2831 867 2859 autem
904 2826 1048 2858 maxime
1088 2824 1199 2857 oleum
1266 2833 1370 2868 aquae
1392 2823 1426 2856 in
1449 2823 1745 2857 Constitutionibus
1769 2829 1874 2868 apost.
1893 2824 1978 2865 vm,

483 2885 620 2924 spectat,
653 2889 794 2924 cumque
823 2880 886 2913 hoc
910 2879 1021 2913 oleum
1045 2882 1199 2923 aegroto·
1266 2886 1308 2921 29
1331 2878 1371 2911 de
1395 2878 1588 2911 remissione
1612 2884 1821 2922 peccatorum
1844 2877 1928 2911 silet.

2006 1248 2049 1279 10

2005 1594 2048 1624 15

2003 2456 2046 2487 25
