2457 3436
715 381 1031 411 cons-menoses
1057 381 1321 412 Αεοετοιοηωι
1353 382 1384 420 ν,
1413 383 1444 421 9,
1466 384 1562 421 2-1,
1586 384 1617 414 2.
1832 373 1911 412 265

438 476 589 525 ,πιστὸς
618 475 674 518 οὐ
690 476 898 527 ψεύδεται,
925 477 1076 519 ἐκκαίει
1095 478 1138 519 δὲ
1157 479 1286 530 ψευδῆ
1313 476 1467 529 μάρτυς
1485 476 1665 524 ἄδικος“.
1713 489 1751 519 2.
1781 475 1805 519 ὁ
1831 477 1910 530 γὰρ

438 547 694 596 υμαρτυρίῳ
711 542 896 594 ἐξελθὼν
914 539 1105 595 ἂψευδῶς
1122 540 1226 595 ὑπὲρ
1244 547 1318 596 τῆς
1336 541 1543 598 ἀληθείας,
1567 532 1643 585 ουτἱ
1644 557 1690 591 ος
1708 542 1910 597 ἀληθινὸς

438 605 582 659 ιιὶρτυς,
610 604 850 659 ἀξιόπιστος
877 607 923 650 ἐν
950 605 1012 656 οἷς
1039 610 1347 668 valaato
1373 613 1438 659 τῷ
1465 608 1579 660 λόγῳ
1607 611 1679 661 τῆς
1707 606 1909 656 εὐσεβείας

438 671 477 714 δὲ
504 678 589 714 τοῦ
619 674 774 714 οἰκείου
802 672 984 724 αἳματος.

518 737 576 779 X.
608 741 896 790 Παραινοῦμεν
918 739 962 779 δὲ
979 734 1087 790 ὑμῖν,
1115 733 1284 789 ἀδελφοὶ
1304 739 1372 779 καὶ
1391 735 1624 783 σύνδουλοι.
1653 736 1818 791 φεύγειν
1835 736 1910 785 τὰς
1953 743 1976 776 5

438 805 708 855 παιολογίας
739 803 809 843 καὶ
841 802 916 850 τὰς
949 803 1228 856 αἰσχρολογίας
1255 805 1324 844 καὶ
1350 802 1426 850 τὰς
1453 802 1733 855 εὐτραπελίας,
1766 803 1908 854 μέθας,

438 869 615 927 Ἐείας,
645 866 824 918 θρύψεις
851 869 920 908 καὶ
937 867 1010 916 τὰς
1038 866 1238 918 ἀμέτρους
1266 863 1388 919 ὀργὰς
1407 866 1484 908 σὺν
1512 876 1602 916 ταῖς
1622 871 1908 920 μωρολογίαις,

438 946 473 974 τι
502 932 609 974 οὐδὲ
638 932 684 973 ἐν
710 941 800 981 ταῖς
826 941 1038 986 κυριακατς
1066 930 1229 986 ἡμέραις
1262 937 1352 973 τῶν
1379 931 1648 984 εὐφροσυνῶν
1680 931 1799 985 ὑμῶν
1826 933 1910 975 ἐκι-

438 997 621 1049 mopsus
654 994 750 1049 ὑμῖν
782 994 961 1050 ἄσεμνόν
990 1014 1031 1040 τι
1059 995 1085 1052 ἢ
1110 998 1365 1051 φθέγγεσθαι
1392 996 1419 1050 ἢ
1446 996 1660 1050 πράττειν·
1695 999 1799 1051 λέγει
1832 997 1908 1052 γάρ

438 1076 492 1104 ου
512 1064 587 1104 καὶ
617 1059 644 1115 ἢ
661 1062 815 1116 γραφή·
843 1062 1120 1112 ,,Δουλεύσατε
1137 1067 1200 1121 τῷ
1219 1065 1348 1116 κυρίῳ
1366 1063 1412 1104 ἐν
1430 1062 1550 1115 φόβῳ
1572 1065 1641 1104 καὶ
1660 1059 1908 1116 ἀγαλλιᾶσθε
1934 1068 1976 1099 10

438 1126 532 1180 ὐτῷ
559 1127 609 1168 ἐν
638 1126 817 1180 τρόμῳ“.
866 1139 904 1169 2.
931 1129 999 1169 καὶ
1023 1127 1108 1176 τὰς’
1124 1126 1380 1181 ἅγαλλιάσεις
1408 1123 1485 1169 οὖν
1504 1126 1622 1180 ὑμῶν
1647 1128 1750 1180 μετὰ
1774 1126 1909 1180 φόβου

438 1194 477 1234 αὶ
505 1191 671 1244 τρόμου
698 1195 884 1245 γίνεσθαι
909 1191 998 1246 χρή.
1054 1191 1079 1234 ὁ
1107 1193 1185 1246 γάρ
1212 1207 1280 1235 τοι
1308 1192 1554 1245 Χριστιανὸς
1583 1190 1607 1234 ὁ
1632 1193 1780 1240 ,πιστὸς
1812 1191 1909 1233 οὐδὲ

438 1256 530 1311 ’ὀὴν
548 1257 730 1309 ἐθνικὴν
747 1254 898 1309 ὀφείλει
927 1260 1058 1310 λέγειν
1076 1257 1173 1300 οὔτε
1190 1253 1298 1314 ᾆσμα
1316 1257 1532 1310 πορνικόν,
1560 1258 1646 1299 ἐπεὶ
1665 1256 1908 1310 συμβήσεται

438 1321 535 1375 13·τῷ
562 1321 634 1363 διὰ
652 1327 727 1375 τῆς
755 1321 865 1375 ᾥόῆς
883 1323 1070 1365 εἰδώλων
1085 1321 1354 1377 μνημονεύειν
1378 1322 1564 1376 ὀνόματα
1581 1321 1811 1375 δαιμονικά,
1840 1324 1909 1381 ng)

438 1388 508 1429 ντὶ
535 1390 619 1428 τοῦ
644 1384 762 1440 ἁγίου
790 1386 1020 1439 πνεύματος
1047 1387 1250 1440 είσφρὴσει
1277 1387 1321 1429 ἐν
1356 1384 1472 1439 αὖτῷ
1500 1387 1551 1429 τὸ
1578 1386 1775 1440 πονηρόν.
1932 1389 1974 1422 ¹⁶

524 1451 599 1493 XI.
620 1449 845 1512 :dael—(mat
872 1454 915 1494 δὲ
943 1456 1010 1494 καὶ
1037 1452 1089 1495 τὸ
1119 1451 1287 1503 ὀμνύειν
1313 1453 1359 1493 ἐν
1378 1451 1520 1501 αὐτοῖς
1545 1454 1614 1494 καὶ
1640 1452 1691 1494 τὸ
1718 1452 1786 1493 διὰ
1814 1451 1907 1494 στό-

438 1532 544 1565 avoc
590 1515 735 1558 αὐτῶν
772 1519 995 1569 προφέρειν
1036 1517 1087 1559 τὰ
1133 1518 1334 1567 βόελυκτὰ
1374 1516 1557 1570 ὀνόματα
1596 1516 1621 1569 ἢ
1662 1525 1909 1568 προσκυνεῖν

438 1581 561 1630 ὐτοῖς
588 1581 615 1635 ἢ
641 1587 861 1633 φοβεῖσθαι
889 1582 1041 1629 αὐτοὺς
1070 1581 1141 1632 ὡς,
1155 1582 1297 1630 θεούς·
1329 1581 1381 1623 οὐ
1405 1581 1482 1634 γὰρ
1511 1583 1614 1623 εἰσὶν
1641 1584 1745 1630 θεοί,
1774 1579 1909 1634 ἀλλ’ἢ

438 1649 595 1701 πονηροὶ
622 1650 812 1699 δαίμονες
838 1645 863 1701 ἢ
890 1652 1157 1701 μεμωκημὲνα
1185 1648 1293 1701 ἔργα.
1342 1659 1378 1688 2.
1408 1648 1509 1700 λέγει
1537 1646 1614 1700 γάρ
1641 1661 1724 1688 που
1752 1645 1775 1687 ὁ
1807 1646 1909 1695 θεὸς

438 1714 509 1765 εερὶ
535 1716 627 1754 τῶν
648 1713 922 1765 Ἰσραηλιτῶν·
952 1712 1261 1766 ηἘ’γκατείἶιαιόν
1288 1727 1336 1765 με
1355 1714 1424 1753 καὶ
1451 1711 1620 1763 ὤμνυον
1644 1711 1690 1753 ἐν
1716 1720 1805 1761 τοῖς
1831 1708 1909 1753 οὐκ
1930 1713 1976 1744 20

438 1773 510 1820 ὖσι
537 1782 696 1828 θεοῖς’,
724 1780 792 1819 καὶ
821 1776 927 1831 ἑξῆς·
957 1776 1136 1831 »Ἐξαρῶ
1162 1778 1216 1820 τὰ
1233 1774 1417 1829 ὀνόματα
1445 1782 1533 1818 τῶν
1551 1776 1736 1818 εἰδώλων
1763 1778 1809 1819 ἐκ
1831 1782 1909 1818 τοῦ
1925 1784 1935 1794 ”

438 1842 624 1895 πόματος
653 1838 835 1892 αὖτῶν“,
864 1844 933 1884 καὶ
962 1841 1158 1895 α’λλαχοῦ·
1188 1841 1347 1893 ,,Αὐτοὶ
1373 1841 1668 1896 παρεςήλωσάν
1693 1858 1743 1895 με
1769 1839 1827 1884 ἐπ’
1859 1839 1910 1884 οὐ

438 1914 546 1957 θεοῖς,
581 1905 851 1960 παρῶργισάν
876 1923 923 1960 με
952 1907 998 1949 ἐν
1023 1916 1111 1956 τοῖς
1138 1907 1323 1956 εἰδώλοις
1359 1906 1541 1949 αὐτῶν“.
1593 1909 1662 1948 καὶ
1689 1907 1734 1949 ἐν
1761 1907 1909 1955 πάσαις

438 1974 459 2014 ἓ
487 1981 579 2020 ταῖς
605 1980 779 2025 γραφαῖς
807 1968 1081 2025 ἀπηγόρευται
1107 1976 1239 2015 ταῦτα
1266 1970 1349 2014 ὑπὸ
1378 1975 1521 2023 κυρίου
1547 1976 1624 2014 τοῦ
1652 1977 1767 2014 θεοῦ.

526 2141 548 2169 6
572 2134 648 2168 Col.
675 2144 703 2178 3,
726 2135 763 2173 8;
798 2134 882 2179 Eph.
907 2144 935 2177 5,
957 2144 988 2175 4.
1023 2155 1062 2160 —
1099 2139 1140 2170 10
1163 2136 1215 2169 Ps.
1239 2144 1269 2176 2,
1297 2145 1345 2168 11.
1381 2154 1421 2160 —
1458 2135 1580 2169 191er.
1606 2136 1646 2167 28
1670 2136 1752 2177 (51),
1785 2135 1832 2169 18.
1869 2153 1908 2159 —-

438 2194 459 2223 0
481 2190 543 2223 Ier.
571 2200 598 2232 5,
625 2198 654 2231 7.
681 2208 718 2214 —
744 2192 784 2223 21
811 2189 904 2222 zach.
932 2199 980 2232 13,
1004 2199 1034 2223 2.
1057 2209 1098 2215 -—
1122 2193 1165 2223 22
1187 2189 1285 2223 Deut.
1312 2198 1361 2232 32,
1385 2198 1436 2222 21.

439 2348 499 2383 μῖν
522 2354 531 2375 :
555 2336 623 2376 οὖν
651 2337 745 2382 ὑμᾶς
767 2341 789 2374 b
812 2351 834 2373 o
859 2342 865 2383 ἰ
889 2342 951 2375 καὶ
974 2345 1018 2380 >
1041 2341 1062 2374 b
1085 2352 1106 2375 o
1132 2344 1138 2381 Ι
1162 2347 1291 2383 φυγεῖν
1314 2342 1333 2374 b
1356 2351 1378 2374 o
1408 2345 1413 2375 Ι
1441 2344 1462 2375 6
1485 2342 1546 2375 καὶ
1571 2338 1633 2379 τὰς
1655 2341 1909 2383 αἰσχρολογίας

438 2408 459 2428 >
481 2407 516 2429 m
541 2406 563 2429 ο
588 2406 608 2438 ρ
632 2407 652 2427 ν
674 2396 680 2437 Ι
699 2399 719 2429 7
742 2396 911 2437 λαγνείας
933 2407 941 2428 :
963 2397 1119 2438 βλακίας
1139 2396 1160 2428 d
1175 2396 1195 2428 i.
1212 2406 1256 2428 m.
1277 2398 1283 2434 Ι
1302 2392 1414 2437 ὀργὰς
1437 2405 1453 2427 a
1471 2405 1489 2427 e
1506 2395 1527 2427 h
1543 2405 1577 2427 m
1595 2406 1615 2438 p
1636 2407 1655 2426 v
1672 2396 1702 2427 A
1720 2394 1761 2427 cf.
1780 2395 1876 2427 inser.
1901 2405 1908 2426 :

438 2449 530 2492 ρμὰς
554 2451 573 2483 b
596 2450 619 2482 d
641 2459 664 2482 0
687 2453 723 2482 α’
742 2453 746 2490 Ι
766 2453 789 2484 8
812 2446 917 2484 οὐδὲν
939 2449 958 2482 b
980 2460 1002 2482 o
1021 2453 1027 2490 Ι
1047 2446 1319 2492 εὐφρονοὺντων
1342 2450 1362 2482 b
1385 2460 1407 2482 ο
1427 2452 1432 2490 Ι
1452 2446 1553 2490 ὑμῶν
1575 2453 1619 2487 >
1643 2459 1662 2481 a
1683 2453 1686 2488 Ι
1706 2451 1726 2482 9
1750 2448 1910 2490 φθέγξα-

441 2507 503 2539 ῧαι
530 2505 549 2537 b
572 2514 595 2537 ο
614 2508 620 2544 1
644 2507 685 2538 10
706 2504 770 2536 καὶ
794 2514 833 2547 pr
854 2507 898 2542 >
921 2513 940 2536 a
962 2503 983 2536 b
1006 2514 1028 2537 o
1053 2505 1058 2544 Ι
1083 2500 1105 2545 ἡ
1128 2500 1248 2547 γραφή
1272 2514 1280 2536 :
1304 2506 1371 2537 δᾶδ
1393 2499 1477 2545 ἡμῖν
1500 2503 1520 2535 b
1542 2512 1573 2541 ο,
1596 2498 1780 2544 προφήτης
1803 2502 1844 2541 Α,
1871 2505 1908 2541 ÷

438 2558 630 2599 ut’vhlll
656 2551 1908 2600 οὖν>οΙι2τοι>δοΙὁεεεεκαὶεηιρνιου’όέεοῦτε

458 2623 481 2646 ο
507 2625 510 2650 3
539 2616 580 2646 14
601 2609 849 2654 μνημονεύειν
873 2616 909 2652 -ξ-
933 2613 995 2645 καὶ
1018 2612 1040 2644 b
1062 2621 1084 2645 ο
1112 2614 1117 2653 1
1149 2616 1189 2646 15
1214 2609 1401 2654 είσφρήσει
1426 2623 1434 2644 :
1459 2607 1639 2652 ἐνοικήσει
1663 2610 1696 2649 h,
1725 2607 1865 2652 εἰσάγει
1891 2610 1911 2642 d

453 2677 509 2705 m.‚
532 2662 726 2709 είσᾰγαγει
750 2676 770 2699 e
794 2665 814 2698 i.
832 2675 876 2699 m.
895 2666 901 2707 Ι
922 2664 961 2700 ἐν
982 2662 1080 2711 αὐτῷ
1104 2676 1122 2698 a
1144 2666 1167 2698 h
1189 2677 1197 2698 :
1223 2665 1275 2704 εἰς
1298 2663 1407 2700 αὐτὸν
1429 2665 1450 2698 b
1473 2675 1505 2704 0,
1530 2664 1646 2699 ἑαυτιῦ
1670 2664 1691 2697 d
1714 2674 1733 2697 e
1756 2675 1790 2696 m
1812 2675 1833 2708 p
1857 2676 1877 2696 v
1902 2665 1906 2706 Ι

438 2724 456 2754 7
478 2717 683 2764 poenam&
707 2720 731 2752 h
749 2730 784 2759 o,
806 2719 953 2753 similiter
975 2719 1074 2753 ambo
1096 2719 1164 2753 fere
1188 2729 1319 2763 semper
1339 2722 1342 2759 Ι
1365 2723 1405 2753 18
1428 2716 1502 2752 ἀλλ’
1527 2715 1547 2761 ἢ
1572 2729 1589 2752 a
1613 2729 1633 2762 p
1657 2730 1677 2751 v
1701 2730 1709 2752 z
1732 2715 1822 2752 α’λλὰ
1847 2719 1867 2751 b
1891 2718 1911 2751 d

459 2785 492 2808 m
515 2785 538 2808 ο
565 2777 573 2814 1
604 2776 647 2808 19
671 2771 693 2816 ἢ
717 2785 727 2808 :
750 2774 816 2807 καὶ
838 2783 871 2806 m
897 2775 902 2813 Ι
924 2774 1170 2816 μεμωκημένα
1194 2785 1202 2806 :
1225 2773 1395 2815 -κισμένα
1419 2774 1439 2805 d
1462 2774 1482 2806 i.
1506 2783 1550 2807 m.
1577 2774 1581 2810 Ι
1607 2770 1694 2815 ἔργα
1720 2784 1727 2805 ;
1751 2770 1859 2814 ἔργον
1881 2782 1911 2812 e,

438 2826 506 2871 ργᾶ
531 2829 551 2862 b
567 2838 590 2862 ο
606 2828 628 2861 d
645 2828 666 2862 i.
685 2838 731 2861 m.
754 2829 761 2869 Ι
780 2825 869 2867 θεὸς
885 2830 923 2868 4-
941 2825 998 2861 διὰ
1021 2831 1085 2862 τοῦ
1104 2826 1266 2870 ὶερεμιόυ
1280 2838 1299 2861 e
1315 2826 1355 2861 cf.
1374 2827 1404 2860 D
1425 2829 1429 2866 Ι
1449 2831 1491 2861 20
1506 2829 1589 2869 περὶ
1607 2825 1650 2866 ’>
1669 2827 1688 2859 b
1708 2828 1713 2867 Ι
1732 2829 1772 2860 21
1798 2820 1878 2860 οὖσι
1902 2837 1910 2858 z

438 2880 457 2917 ι,ζ
478 2893 509 2923 ο,
534 2878 579 2925 ἠἰ-
603 2883 624 2916 b
