2457 3436
866 378 1132 408 nos-romanu
1159 378 1242 416 vm,
1271 379 1322 415 12,
1343 379 1483 410 24.—27.
1842 368 1920 408 505

440 489 530 516 ium
559 474 640 516 Iob
667 475 860 517 victorem
889 474 1094 528 serpentis,
1131 474 1294 527 originis
1332 474 1539 522 malorum,
1576 472 1788 525 declarasti,
1817 474 1921 516 Isaac

440 539 587 582 ffecisti
605 538 730 581 filium
745 539 1031 594 promissionis,
1046 538 1162 580 Iacob
1183 537 1391 580 duodecim
1410 537 1580 579 filiorum
1596 545 1745 593 patrem
1762 540 1920 595 eiusque

440 612 655 647 ostremos
674 605 715 646 in
734 603 1026 647 multitudinem
1051 604 1275 659 propagasti
1294 610 1334 645 et
1352 603 1400 645 ad
1421 605 1648 658 Aegyptum
1672 603 1921 645 introduxisti

440 685 454 712 ι
482 671 735 725 septuaginta
755 670 915 724 quinque
932 668 1144 710 animabus.
1192 680 1256 722 24.
1286 668 1364 719 Tu,
1390 668 1580 719 Domine,
1610 682 1693 709 non
1713 668 1921 722 despexisti

440 734 586 789 seph,
624 733 693 776 sed
720 733 772 775 illi
800 747 875 788 pro
903 733 1086 776 mercede
1115 734 1297 775 castitatis
1329 741 1394 775 tua
1423 747 1535 774 causa
1563 740 1736 774 servatae
1766 732 1919 784 dedisti,
1965 740 1987 772 5

440 806 459 841 t
487 799 707 853 Aegyptiis
734 805 944 852 praeesset.
991 797 1071 849 Tu,
1099 798 1289 849 Domine,
1318 797 1520 839 Hebraeos
1548 797 1595 839 ab
1618 799 1822 852 Aegyptiis
1852 812 1922 852 op-

441 877 589 905 ·raesos
617 863 669 905 ob
702 864 894 918 promissa
924 863 1094 918 patribus
1122 876 1259 904 eorum
1288 861 1387 904 facta
1416 876 1499 904 non
1528 862 1746 916 neglexisti,
1785 877 1920 904 verum

441 928 611 978 herasti,
637 928 857 983 Aegyptios
885 928 1080 983 punivisti.
1138 939 1202 980 25.
1232 927 1414 982 Cumque
1443 927 1626 969 homines
1654 928 1782 981 legem
1813 934 1922 969 natu-

440 993 547 1035 alem
580 994 846 1047 corrupissent
873 1000 913 1034 et
941 1000 1155 1035 creaturam
1192 992 1316 1034 modo
1345 992 1502 1047 quidem
1532 992 1730 1034 fortuitam
1766 991 1922 1034 arbitra-

441 1065 578 1109 entur,
599 1057 722 1099 modo
742 1065 872 1099 autem
892 1057 978 1112 plus
998 1071 1115 1112 quam
1135 1063 1294 1112 oportet
1314 1057 1556 1099 honorarent
1575 1071 1619 1098 ac
1637 1057 1719 1108 tibi,
1740 1058 1919 1099 omnium
1946 1065 1988 1096 ιο

440 1123 532 1173 Jeo,
553 1130 841 1176 compararent,
861 1136 945 1164 non
964 1123 1086 1164 sivisti
1106 1135 1239 1164 errore
1259 1121 1365 1173 duci;
1395 1122 1488 1177 quin
1508 1122 1637 1176 potius
1656 1121 1762 1164 edito
1784 1130 1920 1164 sancto

440 1186 576 1229 amulo
603 1194 675 1229 tuo
694 1186 810 1228 Mose
839 1200 909 1241 per
929 1201 1019 1228 eum
1048 1186 1178 1241 legem
1200 1187 1382 1241 scriptam
1413 1189 1453 1227 in
1473 1186 1655 1228 naturalis
1683 1186 1920 1229 adiutorium

440 1251 607 1303 ribuisti,
636 1260 676 1294 et
704 1260 896 1293 creaturas
925 1251 1130 1294 ostendisti
1152 1265 1251 1306 opus
1279 1259 1390 1293 tuum
1422 1266 1520 1303 esse,
1550 1265 1725 1295 errorem
1746 1265 1841 1294 vero
1871 1252 1920 1293 de

440 1316 680 1359 nultitudine
709 1315 874 1358 deorum
904 1317 1188 1367 exterminasti3
1217 1317 1351 1358 Aaron
1381 1324 1419 1358 et
1448 1324 1629 1370 posteros
1658 1318 1741 1359 eius
1766 1317 1920 1358 honore

440 1381 657 1424 acerdotali
695 1380 901 1431 decorasti,
938 1380 1152 1432 Hebraeos,
1197 1395 1284 1423 cum
1325 1388 1544 1435 peccarent,
1584 1383 1791 1435 castigasti,
1830 1396 1919 1423 cum
1946 1390 1987 1421 15

440 1454 730 1496 reverterentur,
765 1447 980 1500 suscepisti.
1044 1448 1109 1488 26.
1143 1448 1362 1501 Aegyptios
1396 1446 1534 1488 decem
1572 1447 1694 1501 plagis
1730 1447 1831 1489 ultus
1867 1461 1920 1497 es,

440 1512 524 1553 nari
555 1511 683 1553 diviso
711 1511 895 1553 traiecisti
921 1510 1123 1561 Israelitas,
1159 1511 1358 1553 insecutos
1381 1512 1600 1565 Aegyptios
1629 1511 1804 1553 delevisti
1833 1511 1922 1553 sub·

440 1577 643 1626 mersione,
676 1575 787 1629 ligno
816 1589 985 1617 amaram
1013 1590 1151 1630 aquam
1181 1576 1403 1617 dulcescere
1432 1575 1568 1626 fecisti,
1604 1590 1651 1617 ex
1692 1583 1799 1631 petra
1828 1576 1921 1618 dura

440 1654 566 1696 uquam
597 1639 820 1695 profudisti,
848 1655 871 1682 e
898 1641 1006 1682 caelo
1036 1654 1220 1682 mannam
1241 1639 1433 1694 depluisti,
1464 1654 1592 1682 escam
1623 1654 1669 1682 ex
1697 1655 1785 1682 aere
1814 1655 1920 1695 prae-

440 1705 542 1747 buisti
572 1707 834 1757 coturnicem,
868 1705 1102 1747 constituisti
1131 1713 1233 1746 nocte
1260 1706 1473 1747 columnam
1509 1707 1606 1759 ignis
1638 1705 1690 1746 ad
1723 1705 1922 1747 illustrati·
1945 1713 1989 1744 20

440 1783 532 1812 mm
572 1778 607 1812 et
646 1770 707 1811 die
753 1769 967 1811 columnam
1006 1770 1115 1812 nubis
1152 1768 1201 1811 ad
1241 1769 1505 1812 umbraculum
1545 1771 1584 1811 in
1625 1778 1753 1821 aestu3
1794 1770 1919 1812 Iesum

440 1834 569 1878 lucem
600 1835 795 1877 exercitus
812 1834 1022 1886 declarans,
1051 1842 1202 1889 septem
1222 1842 1362 1889 gentes
1383 1835 1710 1876 Chananaeorum
1741 1849 1809 1889 per
1831 1850 1921 1876 eum

440 1901 616 1951 evertisti,
644 1898 855 1941 Iordanem
882 1900 1068 1955 dirupisti,
1089 1898 1230 1954 fluvios
1250 1900 1373 1941 Ethan
1400 1901 1559 1950 siccasti,
1590 1915 1657 1941 mu
1707 1915 1725 1941 s
1755 1907 1922 1955 prostra-

440 1966 515 2007 risti
542 1965 692 2020 absque
721 1965 911 2006 machinis
940 1972 979 2007 et
995 1964 1139 2020 absque
1167 1979 1286 2006 manu
1315 1964 1496 2006 humana.
1545 1914 1717 2039 affl>
1737 1964 1921 2006 omnibus

441 2029 494 2071 ibi
512 2029 653 2084 gloria,
682 2030 859 2072 Domine
878 2029 1147 2084 omnipotens.
1194 2028 1256 2071 Te
1276 2029 1440 2071 adorant
1463 2029 1763 2072 innumerabiles
1784 2031 1920 2084 copiae
1944 2037 1988 2067 20

440 2094 675 2149 mgelorum,
695 2093 1032 2148 archangelorum,
1051 2093 1281 2145 thronorum,
1300 2095 1608 2145 dominationum,
1624 2096 1920 2149 principatuum,

440 2167 661 2209 mutatum,
679 2159 882 2210 virtutum,
904 2159 1143 2202 exercituum
1164 2167 1427 2211 aeternorum,
1446 2159 1646 2201 Cherubim
1666 2175 1712 2201 ac
1728 2159 1922 2215 Seraphim

440 2278 450 2310 Ι
473 2278 494 2311 h
517 2289 538 2310 v
566 2279 573 2320 Ι
603 2277 817 2320 κατέρριξας
837 2278 871 2318 h,
903 2278 1124 2321 κατέρραξας
1146 2278 1177 2318 d,
1207 2278 1423 2322 κατέρριψας
1445 2289 1464 2311 a
1495 2280 1500 2320 Ι
1531 2282 1573 2313 25
1601 2276 1745 2313 πάντων
1768 2278 1788 2311 d
1811 2290 1844 2312 m
1869 2291 1888 2310 v
1915 2281 1918 2314 Ι

440 2331 585 2365 ῖὲσποτα
608 2336 654 2371 >
678 2332 701 2364 h
732 2334 737 2372 Ι
767 2334 809 2366 26
832 2331 874 2366 σε’
898 2335 936 2372 -Ι-
960 2337 1161 2375 προσκυνεῖ
1180 2336 1252 2366 πᾶν
1273 2330 1467 2374 α’σωματοι·
1489 2334 1550 2366 καὶ
1574 2328 1679 2375 ἅγιον
1701 2331 1837 2375 τάγμα·
1866 2333 1922 2375 [σὲ

440 2391 631 2427 προσκυνεῖ
651 2382 672 2420 ὁ
695 2383 935 2428 παράκλητος,
966 2386 1064 2419 verba
1086 2385 1212 2419 inclusa
1234 2386 1365 2420 exhibet
1387 2386 1529 2419 secunda
1553 2396 1669 2419 manus
1693 2386 1769 2419 loco
1793 2386 1920 2428 eraso]·

440 2437 500 2482 πρὸ
521 2440 561 2474 δὲ
583 2436 731 2474 πάντων
753 2435 774 2473 ὃ
789 2434 892 2483 α’γιός
907 2451 975 2474 σου
992 2445 1075 2480 παῖς
1090 2452 1126 2474 ισ
1144 2436 1164 2474 ὃ
1180 2452 1227 2484 zo
1242 2437 1263 2474 ὁ
1281 2452 1328 2474 κσ
1343 2442 1404 2474 καὶ
1424 2443 1473 2474 so
1491 2436 1606 2482 ἡμῶν·
1630 2443 1696 2474 σοῦ
1713 2441 1751 2474 δὲ
1767 2436 1923 2484 ἅγγελος

440 2495 492 2527 ruz
514 2497 577 2536 τῆς
599 2491 787 2535 δυνάμεως
809 2492 1106 2537 ἅρχιστρατηγὸς·
1129 2496 1191 2528 καὶ
1214 2492 1402 2537 ἀρχιερεὺς
1424 2492 1568 2533 αἰωιιος
1590 2496 1651 2528 καὶ
1672 2491 1921 2537 ἅτελεύτητος·

440 2547 472 2581 σὲ
493 2547 525 2588 d,
558 2549 578 2581 i.
602 2558 649 2581 m.
677 2548 810 2592 insuper
831 2549 924 2582 tertia
948 2558 1064 2581 manus
1088 2548 1243 2581 nonnulla
1266 2559 1306 2582 ex
1329 2547 1482 2592 Gregorii
1508 2549 1673 2592 Tbeologi
1703 2549 1850 2581 oratione
1881 2549 1922 2581 de

440 2600 499 2635 filio
519 2602 740 2646 transscripsit
770 2602 776 2643 1
805 2597 982 2646 εὖρυθμοι
1006 2602 1037 2643 d,
1067 2599 1307 2646 α’ναριθμητοὶ
1336 2613 1370 2635 m
1393 2613 1412 2635 v
1443 2604 1447 2644 Ι
1480 2606 1521 2636 27
1545 2599 1779 2646 ἅρχαγγέλων
1801 2607 1844 2641 >
1869 2602 1889 2635 d
1915 2604 1919 2645 Ι

440 2654 671 2698 ’evocaturum‘
696 2653 840 2698 θρόνων
861 2656 882 2690 d
901 2658 907 2698 Ι
927 2659 970 2690 28
992 2658 1054 2690 καὶ
1075 2661 1120 2696 >
1143 2667 1177 2689 m

474 2776 524 2810 26.
547 2774 602 2810 Cf.
626 2775 686 2815 vl,
708 2784 760 2816 20,
783 2775 814 2809 6.
1213 2777 1332 2820 paenit.
1352 2777 1442 2809 hom.
1458 2785 1494 2819 93
1517 2777 1554 2809 In
1570 2777 1657 2810 diem
1672 2783 1737 2810 nat.
1754 2776 1826 2810 Iesu
1845 2776 1923 2810 Chr.

471 2838 521 2872 27.
546 2829 601 2864 Cf.
633 2829 649 2863 1
680 2829 786 2864 Clem.
819 2838 868 2873 34,
900 2840 998 2873 5—73
1032 2830 1145 2875 Cyrill.
1211 2830 1302 2865 hom.
1319 2840 1346 2864 c.
1364 2840 1399 2873 7;
1421 2830 1472 2863 De
1496 2841 1521 2864 s.
1536 2831 1730 2875 martyribus
1751 2831 1841 2864 horn.
1859 2841 1887 2864 c.
1904 2839 1924 2864 2

440 2883 514 2918 dier.
537 2884 615 2918 Cat.
641 2888 742 2928 myst.
765 2883 805 2924 V,
827 2885 865 2925 6;
897 2884 1069 2929 Chrysost.
1094 2885 1146 2918 De
1212 2885 1278 2927 (ed.
1302 2884 1422 2917 Bened.
1447 2884 1485 2924 ΙΙ,
1512 2893 1582 2928 349.
1609 2886 1680 2927 365.
1704 2886 1793 2927 715).
