2457 3436
965 382 1194 412 FRAGMENTA
1221 382 1488 412 mausum.
1920 372 1971 410 53

589 490 628 530 4.
673 477 719 519 C.
749 478 797 519 A.
828 477 874 528 11,
909 491 969 530 17,
998 491 1036 530 4.
1077 477 1242 527 Quaest.
1271 477 1343 518 LX
1371 491 1409 532 p.
1442 479 1531 531 398.

584 537 652 584 Ἐκ
664 548 756 584 τῶν
769 540 1057 584 ἁποστολικιόν
1064 543 1371 596 Διαταγμάτων.
1398 541 1583 597 Ἆμαρτία
1596 543 1674 596 γὰρ
1690 542 1972 596 ἀνεξέλεγκτος

479 606 628 661 ἑαυτῆς
651 609 801 660 χείρων
818 609 972 661 γίνεται
999 609 1067 649 καὶ
1086 609 1144 656 είς
1162 606 1312 657 ἄλλους
1339 608 1414 662 τὴν
1434 608 1633 662 διανομὴν
1651 608 1857 661 λαμβάνει,
1887 609 1972 649 ἐπεὶ

478 674 547 714 καὶ
577 672 729 725 ,μικρὰ
756 672 857 727 ζύμη
884 672 1089 725 πλήρωμα
1107 672 1344 726 φυράματος
1363 678 1521 725 ζυμοῑ“,
1551 676 1617 714 καὶ
1638 671 1693 721 εἶς
1713 674 1888 727 κλέπτης
1916 673 1972 721 είς

479 733 583 779 ὅλον
609 736 660 779 τὸ
690 736 815 785 ἔθνος
848 737 899 780 τὸ
924 743 1054 791 μῦσος
1087 738 1299 792 ἐπήγαγεν,
1334 740 1430 788 „naz
1456 747 1568 791 μυῖαι
1596 743 1803 780 θανοῦσαι
1832 751 1972 790 σαπρι-
1995 748 2014 777 5

479 807 599 844 οῦσιν
628 806 843 845 σκευασίαν
870 800 1101 856 ἡδύσματος
1129 803 1308 853 ἐλαίου“,
1339 805 1407 845 καὶ
1433 805 1660 854 ,βασιλέως
1683 801 1972 851 ὑπακούοντος

479 865 607 921 λόγον
635 865 778 909 ἄδικον
803 866 958 916 πάντες
986 867 1026 910 οἱ
1056 863 1120 909 ὑπ’
1151 867 1282 910 αὐτὸν
1300 865 1498 922 ὑπηρέται
1516 868 1789 921 παράνομοι“.
1837 863 1971 915 οὕτως

476 934 548 973 καὶ
573 933 789 985 πρόβατον
821 934 1041 985 ψωραλέον
1074 934 1342 986 μεταδίδωσιν
1376 933 1529 986 ἑτέροις
1556 938 1628 987 τῆς
1657 933 1785 975 νόσου
1811 932 1866 986 μὴ
1893 948 1972 986 χω-

478 998 626 1049 ρισθὲν
643 1002 732 1039 τῶν
749 995 1026 1051 ὑγιαινόντων
1042 997 1286 1050 προβάτων·
1307 1001 1374 1041 καὶ
1395 997 1622 1052 ἄνθρωπος
1642 997 1785 1050 λοιμὸς
1802 1002 1972 1046 πολλοῖς

477 1063 721 1113 φυλακτέος,
759 1065 827 1104 καὶ
864 1063 980 1104 κύων
1012 1062 1141 1116 λύσσῃ
1174 1062 1439 1116 συνεχόμενος
1473 1063 1731 1112 ἐπικίνδυνος
1763 1065 1901 1113 παντί,
1935 1056 1971 1115 ᾧ
1996 1073 2037 1104 10

478 1126 518 1168 δ’
544 1123 598 1168 ἂν
624 1128 832 1181 προσάψῃ.
879 1128 950 1169 ἐὰν
979 1123 1054 1170 οὖν
1073 1130 1142 1170 καὶ
1159 1125 1391 1181 ἄνθρωπον
1408 1128 1651 1182 παράνομον
1669 1128 1723 1182 μὴ
1743 1132 1814 1182 τῆς
1833 1129 1971 1181 ἐκκλη-

478 1194 567 1241 σίας
591 1196 844 1246 χωρίσωμεν,
872 1198 1074 1246 ποιοῦμεν
1100 1193 1177 1235 τὸν
1198 1191 1315 1235 οἶκον
1341 1199 1421 1236 τοῦ
1438 1198 1546 1236 θεοῦ
1574 1193 1775 1247 σπήλαιον
1794 1196 1969 1245 λῃστῶν.

479 1253 583 1299 ὅθεν
611 1259 735 1312 φησὶν
764 1256 788 1299 ὁ
812 1258 1034 1310 Σολομῶν·
1064 1257 1254 1309 ,,”Εκβαλε
1282 1259 1430 1312 λοιμὸν
1457 1260 1503 1300 ἐκ
1530 1260 1754 1312 συνεδρίου,
1783 1259 1850 1299 καὶ
1878 1270 1971 1299 συν-

479 1322 727 1373 εξελεύσεται
745 1319 858 1376 αὐτῷ
879 1328 1052 1372 νεῖκος“.
1101 1322 1202 1366 ὅταν
1225 1324 1302 1377 γὰρ
1330 1327 1482 1377 καθίσῃ
1511 1324 1556 1366 ἐν
1585 1325 1794 1377 συνεδρίῳ,
1814 1322 1971 1371 πάντας

477 1384 671 1441 ἀτιμάζει.
716 1389 819 1442 λέγει
839 1382 914 1430 οὖν
942 1390 1010 1431 καὶ
1030 1386 1054 1430 ὃ
1067 1391 1208 1431 Δαυίδ·
1237 1385 1328 1439 „01'2
1344 1390 1621 1444 προετιθέμην
1638 1388 1723 1440 πρὸ
1741 1385 1970 1440 ὀφθαλμῶν
1995 1398 2035 1429 15

478 1468 559 1505 μου
577 1458 746 1507 πρᾶγμα
764 1453 1021 1507 παράνομον,
1040 1458 1266 1503 ποιοῦντας
1283 1454 1531 1506 παραβάσεις
1550 1454 1732 1508 ἐμίσησα·
1764 1450 1839 1494 οὐκ
1858 1453 1970 1494 ἐκολ-

479 1516 589 1572 λήθη
615 1533 684 1571 μοι
711 1520 856 1571 καρδία
880 1519 1049 1574 σκαμβή.
1096 1520 1359 1568 ἐκκλίνοντος
1378 1516 1444 1561 ἀπ’
1464 1519 1564 1572 ἐμοῦ
1586 1523 1662 1560 τοῦ
1678 1522 1865 1572 πονηροῦ
1894 1516 1970 1559 οὐκ

477 1583 723 1636 ἐγίνωσκον·
761 1583 1035 1637 πορευόμενος
1069 1585 1112 1626 ἐν
1143 1582 1230 1638 ὁδῷ
1258 1581 1426 1638 ἀμώμῳ,
1462 1577 1586 1632 οὗτός
1612 1600 1682 1637 μοι
1709 1581 1968 1635 ἐλειτούργει·

479 1644 530 1689 οὗ
548 1648 729 1701 κατῴκει
758 1648 803 1690 ἐν
829 1651 939 1702 μέσῳ
966 1654 1037 1704 τῆς
1066 1651 1197 1699 οἰκίας
1222 1665 1303 1703 μου
1332 1653 1466 1691 ποιῶν
1486 1647 1766 1703 ὑπερηφανίαν
1785 1645 1810 1702 ἢ
1830 1652 1969 1689 λαλῶν

477 1710 609 1763 ἄδικα,
640 1710 745 1755 ἀλλὰ
764 1718 918 1756 τοῦτον
938 1715 1192 1765 ἐξεδίωκον“.
1241 1715 1305 1756 διὸ
1334 1717 1399 1756 καὶ
1417 1711 1638 1762 Ἐλισσαῖος
1665 1719 1728 1766 τῷ
1748 1717 1969 1766 λειτουργῷ
1992 1721 2035 1752 20

477 1774 609 1820 αὐτοῦ
636 1781 743 1831 Γιεζὶ
775 1779 877 1832 μετὰ
910 1779 987 1832 τὴν
1021 1779 1183 1832 κλοπὴν
1216 1783 1280 1821 καὶ
1317 1779 1366 1821 τὸ
1403 1782 1552 1831 ψεῦδος
1585 1779 1660 1831 τὴν
1694 1784 1772 1820 τοῦ
1809 1776 1969 1829 Νεεμὰν

476 1844 635 1896 λέπραν
651 1846 835 1898 περιθεὶς
853 1845 1064 1895 ἐξεδίωκεν
1082 1842 1165 1887 ἀπὸ
1178 1845 1411 1897 προσώπου
1424 1841 1556 1886 αὐτοῦ
1570 1842 1773 1894 καθάπαξ.
1804 1841 1969 1895 οὐδεμία

475 1907 555 1961 γὰρ
583 1912 808 1958 ,,κοινωνία
836 1912 943 1960 φωτὶ
970 1910 1075 1963 πρὸς
1103 1910 1292 1958 σκότος”.

587 2058 644 2092 41
668 2058 747 2092 Cor.
772 2069 801 2101 5,
825 2059 862 2100 6;
895 2060 967 2094 Gal.
1000 2070 1029 2102 5,
1058 2070 1089 2104 9,
1124 2079 1165 2085 —
1200 2066 1219 2094 ὅ
1249 2061 1335 2094 Eccl.
1369 2070 1416 2102 10,
1450 2071 1475 2094 1.
1512 2079 1551 2086 -
1586 2063 1606 2094 6
1635 2060 1731 2092 Prov.
1762 2068 1811 2102 29,
1847 2068 1893 2091 12.
1929 2077 1969 2082 —

479 2115 520 2147 13
543 2113 639 2146 Prov.
664 2122 715 2154 22,
743 2123 791 2147 10.
818 2132 852 2138 —
882 2118 922 2148 15
946 2115 998 2147 Ps.
1025 2124 1096 2156 100,
1124 2125 1214 2158 3-7.
1240 2134 1279 2139 —-
1304 2124 1342 2157 23
1369 2115 1398 2148 11
1422 2115 1501 2148 Cor.
1525 2114 1555 2156 6,
1583 2123 1632 2155 ¹4·

586 2248 607 2278 2
623 2240 822 2285 διατάξεων
836 2244 857 2277 d
873 2254 892 2277 e
906 2255 926 2288 p
943 2255 958 2277 r
977 2249 980 2286 Ι
1002 2242 1234 2285 α’νεξέλεκτος
1250 2245 1270 2278 b
1289 2246 1294 2287 Ι
1315 2249 1335 2279 3
1354 2243 1461 2288 ἑαυτῆ
1474 2246 1518 2289 fp
1539 2248 1545 2287 Ι
1566 2244 1692 2286 ἑαυτῆς
1705 2256 1737 2286 χ.
1752 2256 1783 2286 γ.
1796 2244 1908 2282 καὶ>
1924 2254 1941 2275 e
1964 2268 1966 2272 ,

473 2304 600 2342 χεῖρον
623 2309 641 2331 a
657 2298 677 2331 b
695 2309 716 2342 p
732 2309 746 2331 r
764 2298 795 2331 G
812 2300 818 2340 Ι
840 2293 969 2338 ἄλλους
992 2311 999 2331 :
1023 2296 1239 2341 ἀνθρώπους
1255 2300 1275 2332 b
1295 2302 1300 2342 Ι
1325 2297 1390 2341 τὴν
1407 2297 1580 2342 διανομὴν
1594 2302 1624 2332 λ.
1641 2311 1647 2331 :
1667 2294 1903 2340 διαλαμβάνει
1923 2296 1941 2328 b
1963 2328 1965 2332 ,

475 2352 558 2387 ἐπεὶ
572 2357 613 2392 >
634 2363 649 2385 1·
668 2355 674 2394 Ι
693 2356 714 2386 4
737 2355 845 2394 ζυμοῖ
858 2355 896 2393 -Ι-
914 2347 1000 2387 ὅλον
1014 2351 1055 2387 τὸ
1071 2350 1217 2396 φύραμα
1236 2356 1343 2395 ζυμοῖ
1359 2353 1389 2387 G
1408 2355 1414 2396 Ι
1434 2354 1490 2396 4Ιό
1515 2353 1567 2392 εἰς
1590 2348 1674 2386 ὅλον
1689 2350 1729 2386 τὸ
1749 2349 1854 2389 ἔθνος
1870 2363 1878 2384 ;
1896 2345 1968 2395 ὅλῳ

475 2410 527 2452 τῷ
552 2404 653 2441 ἔθνει
677 2407 708 2440 G
728 2408 734 2449 Ι
753 2410 773 2441 5
796 2408 902 2448 μίσος
925 2407 945 2440 b
961 2407 982 2439 d
997 2418 1015 2440 e
1034 2408 1039 2449 Ι
1061 2411 1080 2441 6
1103 2407 1336 2451 βασιλέοντος
1352 2408 1372 2441 b
1392 2410 1397 2449 Ι
1418 2412 1436 2441 7
1460 2405 1571 2442 αὐτοῦ
1595 2407 1642 2450 sp
1661 2417 1676 2439 r
1695 2408 1701 2447 Ι
1721 2402 1898 2448 ὖπηράται
1916 2404 1936 2437 d
1962 2406 1965 2446 Ι

476 2466 498 2495 8
521 2462 733 2505 ψωραλαίον
760 2472 778 2494 a
807 2462 827 2495 b
856 2472 876 2504 p
906 2472 929 2502 r,
963 2459 1150 2505 ψωράλιον
1179 2462 1209 2495 G
1239 2465 1245 2503 Ι
1275 2463 1331 2505 ΘῘὩ
1358 2465 1544 2505 χωρισθῆς
1566 2473 1591 2501 r,
1623 2459 1882 2504 χωρισθέντων
1905 2459 1936 2492 G
1962 2486 1965 2490 .

476 2522 497 2548 9
518 2514 631 2556 πολὺς
654 2527 668 2548 r
687 2518 693 2557 Ι
715 2519 755 2550 10
777 2518 986 2558 φυλακτὲως
1008 2516 1038 2556 b,
1062 2517 1178 2556 -ταιός
1193 2528 1221 2558 a,
1245 2522 1361 2555 -τιιῖος
1383 2516 1404 2548 d
1426 2526 1445 2549 e
1468 2527 1488 2560 p
1509 2518 1515 2559 Ι
1534 2514 1772 2553 ἐπικίνδυνοις
1794 2514 1814 2547 d
1833 2516 1839 2555 Ι
1859 2517 1969 2547 πᾶσιν

476 2566 532 2610 οἷς
554 2571 598 2612 d!
621 2566 642 2604 ‘o'
665 2580 683 2603 a
700 2581 720 2614 p
736 2581 750 2603 r
769 2572 775 2611 Ι
796 2574 834 2604 11
859 2568 1078 2614 προσψαύσῃ
1102 2571 1132 2604 G
1152 2573 1158 2612 Ι
1178 2569 1242 2605 ἐάν
1266 2582 1272 2603 :
1298 2566 1342 2603 ἄν
1365 2571 1396 2603 G
1416 2574 1420 2610 Ι
1440 2572 1502 2603 καὶ
1518 2574 1561 2609 >
1579 2580 1598 2602 a
1615 2570 1635 2603 b
1655 2571 1660 2611 Ι
1680 2569 1901 2612 παρειμένον
1916 2568 1936 2600 d
1962 2569 1965 2607 Ι

478 2629 519 2660 12
537 2626 757 2668 χωρίσωμεν
772 2628 809 2665 -Ι-
827 2625 888 2658 καὶ
912 2624 942 2657 G
962 2627 969 2666 1
988 2622 1092 2659 οἷκον
1114 2637 1120 2657 :
1146 2624 1339 2667 ἐκκλησίαν
1360 2625 1380 2657 d
1400 2627 1406 2666 Ι
1427 2629 1467 2659 13
1499 2620 1518 2658 ὁ
1537 2629 1579 2663 >
1605 2634 1623 2657 e
1647 2635 1668 2667 p
1692 2635 1706 2656 r
1728 2623 1759 2657 G
1779 2625 1785 2664 Ι
1807 2627 1846 2656 14
1870 2628 1969 2661 νῖκος

476 2680 496 2713 b
519 2680 540 2712 d
564 2689 581 2712 e
606 2690 626 2722 p
651 2676 855 2722 ιἸκαθήση
879 2679 964 2712 abr
987 2677 1119 2722 (-η’σι)1
1142 2682 1182 2713 15
1205 2673 1398 2721 οὖν;γοῦν
1421 2674 1734 2722 afp‚>d1‹3>
1755 2677 1776 2710 d
1800 2687 1818 2710 e
1842 2677 1897 2720 fp
1921 2677 1965 2709 ri

477 2735 576 2777 16:³18
605 2736 798 2772 ποιοῦντας
827 2751 869 2759 -
898 2732 1099 2776 ἐγίνωσκον
1128 2746 1135 2766 :
1164 2735 1226 2767 καὶ
1253 2731 1296 2767 τὰ
1322 2732 1402 2776 ἑξῆς
1431 2743 1450 2766 e
1479 2735 1485 2774 Ι
1519 2736 1556 2766 17
1580 2733 1728 2774 καρδίας
1752 2732 1890 2774 σκαμβὶ
1913 2730 1933 2763 d
1961 2743 1963 2771 ῃ

478 2789 576 2832 19s20
600 2784 644 2823 οὗ
667 2784 822 2832 κατῴκει
847 2806 887 2811 -
911 2786 1106 2827 ἐξεδίωκον
1127 2792 1171 2826 >
1196 2798 1214 2821 e
1240 2791 1246 2829 Ι
1276 2790 1316 2821 19
1340 2784 1362 2830 ἢ
1385 2792 1427 2826 >
1453 2787 1472 2819 b
1496 2786 1517 2819 d
1539 2798 1554 2819 r
1579 2787 1584 2828 Ι
1608 2790 1651 2820 20
1673 2784 1736 2819 τὸν
1758 2782 1968 2827 λειτουργὸν

474 2840 1333 2885 ὕδει-Ι21γιεζεῖεϋτ,γιεζῆάεἱρ6
1365 2843 1371 2882 Ι
1401 2839 1964 2884 21]22τῆ..λέπραὶ>ἀετῑ

474 2900 516 2931 22
538 2895 735 2938 ἐξεδίωξεν
756 2896 776 2929 b
800 2896 821 2928 d
843 2906 862 2928 e
881 2897 887 2937 Ι
907 2892 978 2930 άπὸ
1003 2908 1010 2928 :
1033 2894 1104 2938 πρὸ
1126 2895 1143 2928 f
