2457 3436
789 387 1117 417 CONSTITUTIONUM
1143 387 1409 417 APOSTOLORUM
1437 387 1518 417 vm.
1843 378 1892 415 77

394 481 560 536 Ἄγαβος
588 482 653 534 ἐφ’
679 481 800 536 ἡμῶν
827 483 1184 538 προφητεύσαντες
1219 479 1269 525 ού
1295 484 1581 537 παρεξέτειναν
1610 481 1782 531 ἑαυτοὺς
1809 491 1896 531 τοῖς

400 543 655 596 ἀποστόλοις
683 545 778 590 οὔτε
804 545 1057 602 ὑπερέβησαν
1086 547 1138 590 τὰ
1166 546 1326 590 ἓαυταῖν
1351 549 1491 601 μέτρα,
1526 551 1660 589 καίτοι
1687 551 1895 599 θεοφιλεῖς

403 611 531 661 ὄντες.
583 627 620 666 9.
649 612 959 666 προεφήτευσαν
986 614 1030 654 δὲ
1058 614 1127 654 καὶ
1152 621 1350 666 γυναῖκες,
1379 611 1429 654 τὸ
1458 613 1533 665 μὲν
1559 611 1740 654 παλαιὸν
1757 616 1897 665 Μαρία

400 674 425 731 ἡ
455 680 670 726 Μωΰσέως
703 679 772 719 καὶ
803 676 958 730 Ἀαρὼν
991 677 1156 732 α’όελφή,
1187 677 1289 730 μετὰ
1324 678 1368 719 δὲ
1404 676 1558 732 ταύτην
1587 679 1793 730 Δεββῶρα,
1827 678 1897 718 καὶ

400 742 504 795 μετὰ
519 742 677 797 ταύτην
696 741 812 785 Ὀλδά
830 745 899 784 καὶ
919 742 1080 792 Ἰουδίθ,
1105 739 1131 797 ἡ
1151 744 1226 795 μὲν
1244 743 1310 784 ἐπὶ
1329 741 1493 792 Ἰωσίου,
1514 741 1538 795 ἡ
1559 743 1602 784 δὲ
1622 742 1686 784 ἐπὶ
1706 745 1895 795 Δαρείου·
1941 753 1960 782 ῡ

401 809 471 850 καὶ
498 805 523 863 ἡ
543 807 674 862 μήτηρ
701 808 745 850 δὲ
772 813 852 850 τοῦ
869 810 1014 861 κυρίου
1031 806 1308 862 προεφήτευσε
1335 809 1403 850 καὶ
1417 804 1622 858 Ἑλισαβὲτ
1651 805 1677 861 ἧ
1706 807 1897 861 συγγενὴς

402 871 532 926 αὐτῆς
560 874 628 915 καὶ
640 871 768 923 Ἄννα,
797 875 865 914 καὶ
893 872 958 924 ἐφ’
984 870 1103 927 ἡμῶν
1130 873 1172 914 αἱ
1194 875 1403 915 Φιλίππου
1431 873 1670 926 θυγατέρες·
1700 871 1792 914 ἄλλ’
1819 871 1897 913 οὐκ

402 937 645 992 ἐπήρθησαν
663 937 771 979 κατὰ
789 943 879 979 τῶν
897 936 1064 990 ἀνδρῶν
1083 931 1215 987 αὗται,
1243 936 1338 978 ἄλλ’
1356 936 1561 989 ἐφύλαξαν
1587 937 1639 979 τὰ
1657 939 1738 979 ἴδια
1756 939 1895 990 μέτρα.

407 1015 469 1045 10.
500 1000 658 1044 οὐκοῦν
684 1005 753 1045 καὶ
782 1002 827 1044 ἐν
854 1000 950 1056 ὑμῖν
976 999 1056 1044 κᾶν
1082 1001 1183 1057 γυνή
1206 1018 1269 1051 τις
1296 997 1332 1055 ᾖ,
1362 1000 1443 1044 κᾶν
1462 1001 1578 1057 α’νήρ,
1607 1004 1674 1044 καὶ
1694 1001 1794 1055 τύχη
1812 1018 1895 1044 τοι·

401 1067 532 1122 αὐτ-ης
562 1066 729 1120 χάριτός
760 1082 885 1118 τινος,
919 1069 1311 1120 ταπεινοφρονείτω,
1346 1067 1414 1109 ἵνα
1448 1063 1508 1109 ἐπ’
1545 1066 1662 1121 αὐτῷ
1694 1067 1845 1120 εὖδοκῇ
1875 1063 1897 1109 ὃ
1921 1076 1961 1106 10

401 1131 516 1181 θεός.
563 1128 677 1183 ‚Jsz
695 1136 817 1175 τίνα’*
834 1131 926 1186 γάρ,
945 1134 1080 1187 φησίν,
1099 1133 1350 1184 ,,ἐπιβλέψω,
1369 1128 1455 1175 ἀλλ’
1476 1131 1501 1186 ἢ
1521 1133 1587 1174 ἐπὶ
1605 1133 1682 1175 τὸν
1698 1131 1896 1175 ταπεινὸν

399 1199 471 1239 καὶ
498 1194 671 1251 ἡσύχιον
697 1200 766 1239 καὶ
794 1197 997 1251 τρέμοντά
1023 1213 1104 1250 μου
1131 1196 1229 1245 τοὺς
1257 1197 1441 1250 Myous-‘2

1125 1409 1179 1446 Β.

610 1511 928 1560 ΔΙΑΤΑΞΕΙΣ
959 1516 1088 1555 ΤΩΝ
1110 1516 1303 1555 ΑΓΙῼΝ
1325 1515 1698 1556 ΑΠΟΣΤΟΛῼΝ

604 1593 751 1630 ΠΕΡΙ
775 1592 1193 1632 ΧΕΙΡΟΊὈΝΙΩΝ
1214 1593 1309 1631 MA
1338 1592 1699 1632 IHHOAYTOY.

509 1706 566 1747 111
588 1705 683 1761 (lv).
705 1705 802 1760 Ἅμα
828 1709 973 1749 τοίνυν
999 1705 1262 1760 ὑπάρχοντας
1279 1704 1389 1761 ἡμεῖς
1408 1707 1447 1748 οὶ
1466 1706 1625 1748 δώδεκα
1654 1711 1732 1748 τοῦ
1750 1708 1895 1758 κυρίου
1921 1714 1959 1744 15

399 1768 633 1813 ἀπόστολοι
651 1770 773 1813 τάσδε
787 1771 862 1821 τὰς
875 1774 992 1820 θείας
1006 1769 1100 1826 ὑμῖν
1119 1771 1396 1824 ἐντελλόμεθα
1410 1771 1611 1823 διατάξεις
1629 1772 1723 1824 περὶ
1736 1770 1896 1820 παντὸς

398 1837 743 1891 ἐκκλησιαστικοῦ
769 1836 917 1888 τύπου,
951 1837 1240 1890 συμπαρόντος
1273 1834 1365 1891 ἡμῖν
1400 1838 1469 1878 καὶ
1496 1840 1573 1878 τοῦ
1599 1841 1674 1891 τῆς
1701 1836 1895 1890 ,ἐκλογῆς

400 1900 602 1951 σκεύους“
622 1899 791 1943 Παύλου
816 1905 895 1944 τοῦ
922 1902 1237 1944 συναποστόλου
1265 1899 1383 1956 ἡμῶν
1411 1903 1480 1943 καὶ
1495 1898 1690 1951 Ἰακώβου
1713 1906 1792 1943 τοῦ
1810 1901 1895 1942 ἐπι-

400 1965 566 2009 σκόπου
594 1968 663 2008 καὶ
691 1971 779 2007 τῶν
805 1970 970 2009 λοιπῶν
996 1968 1283 2020 πρεσβυτέρων
1317 1970 1385 2008 καὶ
1418 1972 1508 2007 τῶν
1543 1965 1646 2007 ἑπτὰ
1675 1964 1893 2007 διακόνων.

401 2043 440 2072 2.
469 2034 641 2085 πρῶτος
668 2027 745 2073 οὖν
767 2030 849 2085 ἐγώ
870 2047 971 2086 φημι
992 2033 1164 2085 Πέτρος·
1187 2027 1434 2074 Ἐπίσκοπον
1458 2036 1783 2084 χειροτονεῖσθαι
1811 2032 1895 2072 δια·
1918 2038 1960 2068 20

398 2095 612 2149 τάσσομαι,
646 2093 704 2146 ὥς
736 2096 781 2138 ἐν
815 2106 902 2145 τοῖς
935 2100 1218 2149 προλαβοῦσιν
1246 2094 1325 2149 ἅμα
1353 2095 1504 2145 πάντες
1531 2095 1815 2149 διεταξάμεθα,
1849 2096 1895 2138 ἐν

398 2165 529 2203 πᾶσιν
557 2159 782 2214 ἄμεμπτον,
818 2160 999 2215 ἄριστον,
1034 2159 1119 2203 ὑπὸ
1152 2161 1312 2211 παντὸς
1348 2166 1424 2203 τοῦ
1458 2166 1563 2204 λαοῦ
1596 2161 1894 2214 ἐκλελεγμένον.

512 2293 534 2326 3
562 2289 664 2324 Exod.
696 2300 745 2333 15,
769 2299 821 2325 20.
854 2310 896 2316 —
930 2295 951 2325 4
978 2291 1047 2326 Iud.
1071 2300 1102 2332 4,
1125 2302 1155 2333 4.
1190 2311 1230 2315 —
1266 2296 1286 2326 5
1314 2292 1361 2325 1v
1384 2292 1466 2335 Reg.
1491 2300 1542 2333 22,
1568 2300 1624 2332 14;
1658 2291 1765 2324 Iudith
1788 2292 1818 2324 8.
1854 2309 1892 2315 —

400 2349 423 2380 6
446 2344 525 2378 Luc.
553 2354 581 2386 ι,
605 2354 634 2378 2.
660 2363 701 2370 -
725 2349 744 2379 7
765 2345 840 2379 Act.
865 2354 915 2386 21,
940 2356 970 2390 9.
995 2365 1035 2370 —
1060 2350 1098 2379 11
1123 2345 1186 2379 les.
1209 2344 1261 2386 66,
1287 2355 1316 2379 2.
1340 2365 1380 2369 —
1407 2349 1446 2379 17
1469 2345 1542 2379 Act.
1566 2355 1596 2389 9,
1623 2355 1672 2387 15.

512 2468 532 2499 3
561 2462 603 2498 τὸ
629 2476 667 2506 μ.
695 2461 849 2498 παλαιὸν
876 2475 895 2498 a
924 2464 953 2498 C
983 2476 991 2498 ε
1020 2467 1072 2499 τῶ
1099 2476 1136 2507 μ.
1165 2467 1305 2498 παλαιιῦ
1334 2474 1379 2504 m,
1409 2466 1483 2498 τῶν
1508 2476 1543 2506 μ.
1566 2466 1731 2497 παλαιῶν
1752 2462 1769 2496 s
1787 2474 1808 2496 n
1831 2475 1852 2495 v
1884 2464 1889 2506 1

400 2523 424 2553 4
444 2517 601 2561 μωσέως
614 2530 635 2551 v
656 2520 660 2561 Ι
680 2519 863 2562 Δεββῶρα
885 2519 906 2551 b
921 2529 955 2551 m
971 2518 1000 2552 C
1025 2530 1032 2552 ε
1056 2521 1224 2562 δεβῶρρα
1242 2518 1262 2559 f,
1287 2515 1446 2562 δεβόρρα
1463 2528 1482 2551 a
1503 2528 1525 2551 n
1543 2529 1563 2550 v
1582 2519 1587 2559 Ι
1609 2520 1630 2552 5
1651 2515 1743 2558 μετὰ
1766 2514 1897 2560 ταύτην

401 2573 423 2605 b
447 2571 490 2607 cf.
513 2571 543 2606 C
572 2584 580 2606 ε
607 2569 686 2614 μετ’·
714 2569 827 2615 αὐτὴν
849 2583 868 2605 a
892 2583 926 2605 m
949 2583 970 2605 n
993 2584 1023 2614 v,
1054 2569 1133 2616 μετ’
1156 2569 1266 2612 αὐτὰς
1287 2572 1305 2605 f
1329 2575 1334 2615 Ι
1366 2569 1478 2606 ὀλδάκ
1500 2582 1522 2605 n
1550 2573 1556 2615 Ι
1586 2570 1717 2615 ἰουδὴθ
1739 2571 1756 2605 f
1773 2582 1807 2605 m
1830 2583 1853 2605 n
1883 2573 1887 2616 Ι

400 2630 423 2661 9
445 2623 546 2670 τύχει
564 2637 583 2660 a
600 2638 630 2668 v,
653 2622 753 2670 τύχοι
771 2626 788 2659 f
802 2630 809 2667 Ι
830 2630 871 2661 10
884 2623 929 2660 ἵν’
944 2626 962 2659 f
977 2627 983 2671 Ι
1004 2631 1041 2661 11
1060 2628 1169 2670 φησὶν
1184 2634 1219 2662 >
1238 2638 1259 2659 n
1280 2629 1284 2670 Ι
1303 2624 1474 2661 ταπεινὸν
1490 2630 1526 2666 4
1541 2628 1604 2660 acal
1623 2629 1741 2670 πρᾶον
1756 2637 1774 2659 a
1791 2625 1807 2659 f
1818 2637 1851 2659 m
1883 2627 1889 2669 1

404 2684 446 2714 12
463 2676 595 2724 λόγους
610 2691 619 2714 :
635 2681 758 2716 subscr.
776 2682 987 2715 διδασκαλία
1003 2684 1076 2715 τῶν
1094 2676 1209 2724 ἁγίων
1223 2677 1436 2714 ἀποστόλων
1449 2681 1532 2723 περὶ
1545 2676 1778 2724 χαρισμάτων
1793 2681 1813 2713 b
1825 2692 1859 2714 m
1882 2682 1887 2725 Ι

402 2738 445 2769 13
468 2737 543 2768 τῶν
566 2737 604 2775 4
629 2731 751 2770 αὐτῶν
773 2735 794 2767 b
816 2745 851 2768 m
874 2741 1001 2779 partem
1024 2735 1038 2768 1
1061 2735 1301 2769 subscribentes
1320 2736 1326 2776 Ι
1353 2738 1394 2769 14
1415 2736 1499 2778 περὶ
1517 2738 1751 2778 χειροτονιῶν
1774 2743 1808 2771 >
1833 2746 1853 2768 ν
1883 2737 1888 2779 Ι

402 2785 464 2822 διὰ
477 2784 685 2824 Ἱππολύτου
707 2788 808 2822 habet
831 2789 931 2822 etiam
953 2787 971 2821 f
1007 2790 1011 2830 1
1033 2790 1131 2832 16116
1155 2785 1348 2823 ἀπόστολοι
1371 2792 1436 2823 τοῦ
1459 2790 1586 2832 κυρίου
1602 2799 1622 2832 p
1642 2791 1646 2830 Ι
1668 2793 1708 2823 17
1732 2784 1818 2831 ὑμῖν
1832 2801 1853 2833 p
1885 2793 1889 2833 Ι

402 2840 557 2886 ἐκλογῆς
580 2841 597 2875 f
614 2853 631 2875 r
652 2854 674 2876 v
697 2853 706 2876 :
730 2840 922 2886 ἐκκλησίας
944 2843 965 2876 b
988 2853 1022 2876 m
1044 2854 1066 2876 n
1088 2853 1109 2887 p
1130 2845 1135 2886 Ι
1156 2846 1198 2877 18
1212 2840 1355 2878 Παύλου
1371 2851 1406 2878 >
1425 2854 1440 2875 r
1460 2844 1464 2884 1
1484 2846 1527 2877 20
1542 2855 1632 2886 φημι
1651 2854 1672 2876 ν
1687 2842 1740 2876 C:
1757 2851 1791 2880 >
1811 2843 1859 2877 rel
1884 2844 1888 2886 Ι

401 2898 444 2930 21
471 2894 511 2930 ἐν
532 2900 608 2935 τοῖς
628 2899 877 2941 προλαβοῦσιν
899 2908 920 2929 ν
943 2896 972 2930 C
996 2908 1004 2930 :
1028 2905 1063 2933 >
1086 2897 1134 2930 rel
