2457 3436
905 379 1106 409 memsuis
1135 379 1398 408 insinuem.
1818 371 1835 408 1
1845 371 1862 408 1
1872 371 1892 407 7

406 475 620 517 catechesis
640 474 746 516 verbi
765 476 841 517 Dei
860 474 916 525 fit,
946 475 1209 529 unusquisque
1238 474 1285 515 ad
1308 474 1421 516 illum
1441 474 1572 516 locum
1594 475 1648 516 ire
1669 484 1895 530 anteponat,

406 540 482 581 hoc
511 541 552 581 in
582 539 702 582 corde
731 554 804 581 suo
829 547 1024 595 reputans,
1053 554 1095 580 se
1115 538 1245 580 audire
1266 540 1398 580 Deum
1419 554 1487 593 per
1508 539 1714 582 doctorem
1734 541 1897 595 loquen-

405 612 500 646 tem.
551 617 588 658 3.
618 605 661 646 In
683 605 843 647 ecclesia
863 606 970 646 enim
990 617 1107 645 orans
1127 618 1244 659 super
1264 604 1449 646 malitiam
1470 604 1546 647 diei
1569 605 1894 659 supergredietur.

405 683 443 722 4.
472 670 644 724 Reputet
663 669 822 711 timidus
843 668 975 724 (Dei),
997 682 1185 722 magnum
1207 668 1394 711 damnum
1414 683 1512 720 esse,
1541 671 1573 711 si
1594 685 1676 711 non
1697 670 1744 711 ad
1763 670 1895 712 locum

406 735 447 784 it,
482 734 547 776 ubi
577 734 843 785 catechizatur,
879 735 1105 788 praesertim
1135 735 1201 789 qui
1236 734 1365 788 legere
1403 736 1485 776 scit.
1549 747 1580 787 5.
1618 737 1695 777 Aut
1732 735 1895 777 doctore
1941 745 1961 774 5

406 800 589 841 veniente
619 813 740 840 nemo
769 807 942 841 vestrum
972 799 1097 841 tardet
1126 800 1180 841 ire
1209 799 1257 841 ad
1283 799 1499 849 ecclesiam,
1528 800 1673 851 locum,
1703 800 1767 841 ubi
1798 808 1896 842 cate-

406 864 595 915 chizatur3
633 871 717 905 tum
761 863 927 918 loquens
969 865 1157 915 enuntiet,
1199 879 1297 919 quae
1339 863 1521 905 omnibus
1560 872 1737 918 prosunt,
1781 872 1818 906 et
1854 873 1897 906 tu

405 929 538 970 audies
574 943 631 979 ea,
665 943 833 982 quorum
869 943 951 970 non
987 944 1029 970 es
1066 943 1234 980 memor,
1271 937 1310 971 et
1343 929 1546 971 utilitatem
1583 930 1710 982 capies
1746 944 1793 971 ex
1828 931 1896 980 eis,

405 1007 503 1048 quae
532 995 687 1048 spiritus
716 1001 871 1036 sanctus
905 993 974 1036 tibi
1010 994 1114 1036 dabit
1152 1008 1221 1048 per
1256 994 1576 1045 catechizantem3
1612 996 1665 1035 sic
1700 993 1798 1036 fides
1831 1002 1897 1036 tua

405 1057 700 1101 confirmabitur
738 1060 808 1109 eis,
845 1073 944 1113 quae
979 1059 1168 1101 audivisti.
1228 1060 1264 1100 6.
1301 1059 1426 1100 Porro
1455 1059 1545 1100 loco
1575 1059 1641 1099 illo
1670 1059 1738 1100 tibi
1768 1073 1812 1100 ea
1841 1059 1896 1101 di·
1922 1067 1963 1099 10

406 1130 555 1174 centur,
584 1138 682 1179 quae
711 1123 821 1165 domi
849 1123 975 1165 facere
1004 1123 1134 1165 debes.
1193 1137 1229 1177 7.
1259 1123 1354 1165 Ideo
1384 1124 1648 1178 unusquisque
1676 1123 1827 1165 studeat
1855 1125 1895 1165 in

406 1188 610 1230 ecclesiam
640 1190 708 1239 ire,
741 1190 887 1239 locum,
922 1202 1001 1243 quo
1037 1190 1191 1243 spiritus
1220 1196 1377 1230 sanctus
1406 1189 1523 1243 viget.
1580 1190 1617 1230 8.
1654 1188 1695 1229 Si
1725 1203 1804 1243 quo
1834 1189 1895 1230 die

406 1254 618 1295 catechesis
646 1267 727 1295 non
757 1253 813 1304 fit,
842 1255 1105 1308 uuusquisque
1136 1253 1245 1295 domi
1266 1254 1406 1295 librum
1426 1267 1579 1295 sacrum
1600 1268 1760 1295 sumens
1790 1253 1897 1295 suffi-

406 1320 553 1360 cienter
583 1332 628 1359 ea
654 1317 770 1372 legat,
799 1333 898 1373 quae
927 1320 998 1372 ipsi
1029 1318 1134 1360 utilia
1162 1318 1355 1360 videntur.

515 1406 551 1446 9.
589 1393 630 1435 Si
659 1393 816 1448 quidem
852 1393 962 1436 domi
998 1408 1052 1444 es,
1087 1408 1175 1435 ores
1211 1395 1321 1435 tertia
1356 1395 1451 1435 hora
1486 1393 1722 1435 benedicens
1751 1394 1894 1435 Deum.
1923 1400 1961 1432 16

406 1458 474 1500 Sin
504 1467 636 1500 autem
665 1458 752 1500 alibi
783 1473 823 1501 es
845 1460 939 1500 hora
960 1459 1020 1500 illa
1039 1460 1236 1509 veniente,
1266 1459 1305 1500 in
1336 1458 1454 1500 corde
1474 1470 1544 1500 tuo
1565 1458 1611 1500 ad
1632 1459 1762 1500 Deum
1793 1472 1894 1500 ores,

411 1536 469 1564 10.
501 1524 584 1565 Hac
614 1525 719 1564 enim
741 1524 836 1565 hora
856 1524 1035 1566 Christus
1056 1525 1160 1566 cruci
1179 1523 1328 1565 adfixus
1348 1525 1452 1566 visus
1473 1531 1543 1565 est.
1597 1538 1655 1565 11.
1685 1524 1896 1577 Propterea

404 1603 537 1630 rursus
550 1589 589 1629 in
605 1596 737 1630 vetere
751 1596 988 1631 testamento
1004 1589 1066 1630 lex
1081 1590 1295 1640 constituit,
1310 1596 1350 1631 ut
1365 1590 1475 1643 panis
1488 1589 1769 1645 propositionis
1785 1589 1895 1630 omni

404 1656 502 1695 hora
530 1653 715 1695 offeratur
744 1655 782 1695 in
810 1661 950 1708 typum
980 1655 1157 1708 corporis
1183 1661 1221 1696 et
1240 1655 1440 1708 sanguinis
1460 1653 1606 1695 Christi
1627 1661 1665 1694 et
1684 1654 1895 1694 occisionis

403 1720 496 1772 agni
516 1719 677 1761 rationis
698 1720 877 1772 expertis,
907 1720 972 1773 qui
991 1727 1108 1774 typus
1129 1727 1187 1761 est
1206 1720 1296 1773 agni
1316 1718 1488 1774 perfecti.
1542 1731 1602 1760 12.
1631 1718 1768 1760 Pastor
1789 1719 1894 1759 enim
1919 1724 1961 1754 20

405 1791 464 1826 est
494 1784 685 1826 Christus.
742 1784 888 1826 Rursus
911 1786 1022 1839 panis
1051 1792 1115 1834 cst,
1144 1786 1209 1839 qui
1235 1784 1278 1825 de
1307 1784 1409 1825 caclo
1437 1784 1630 1825 descendit.

519 1873 581 1913 13.
611 1860 795 1902 Similiter
814 1861 953 1902 iterum
977 1860 1072 1902 hora
1091 1869 1199 1902 sexta
1220 1874 1320 1902 ores.
1375 1874 1434 1913 14.
1466 1860 1567 1901 Cum
1590 1860 1696 1901 enim
1717 1859 1896 1900 Christus

404 1927 510 1968 cruci
540 1924 688 1967 adfixus
718 1932 832 1976 esset,
863 1924 944 1966 dies
975 1925 1038 1967 ille
1059 1926 1204 1967 divisus
1225 1933 1295 1976 est,
1327 1933 1365 1967 et
1393 1925 1575 1966 tenebrae
1595 1938 1759 1977 magnae
1789 1932 1897 1965 ortae

403 1998 508 2033 sunt.
559 1990 692 2040 Quare
721 1991 817 2032 hora
845 1990 905 2031 illa
935 1992 1156 2032 orationem
1184 1990 1347 2032 validam
1370 1997 1497 2040 orent,
1527 2004 1668 2031 vocem
1700 1989 1782 2031 eius
1812 1990 1897 2029 imi-

403 2063 547 2107 rantes,
577 2056 641 2110 qui
663 2054 790 2110 (tum)
812 2056 949 2107 oravit,
980 2070 1068 2097 cum
1099 2063 1180 2097 tota
1201 2063 1373 2097 creatura
1402 2054 1605 2096 obscurata
1626 2062 1727 2096 esset
1746 2054 1895 2096 Iudaeis
1919 2057 1961 2089 25

404 2135 490 2162 non
520 2120 781 2162 credentibus.

520 2208 581 2249 15.
600 2196 725 2238 Porro
746 2210 929 2250 magnam
950 2196 1169 2237 orationem
1193 2203 1231 2238 et
1250 2210 1432 2250 magnam
1453 2195 1768 2237 benedictionem
1792 2209 1897 2236 nona

404 2262 502 2303 hora
532 2260 745 2316 perficiant,
775 2268 816 2302 ut
845 2261 954 2310 sciaS‚
983 2261 1189 2315 quomodo
1218 2262 1347 2302 anima
1366 2262 1557 2302 iustorum
1590 2260 1794 2301 benedicat
1814 2260 1897 2301 Do-

403 2327 559 2367 minum
580 2326 710 2367 Deum
739 2339 890 2376 verum,
921 2326 986 2380 qui
1015 2334 1238 2367 sanctorum
1270 2325 1494 2367 recordatus
1525 2333 1582 2367 est
1612 2326 1743 2379 eisque
1774 2323 1894 2364 filium

404 2405 521 2433 suum
550 2391 667 2441 misit,
697 2389 860 2431 verbum
889 2405 1017 2441 suum,
1046 2402 1088 2431 ut
1114 2392 1220 2445 ipsos
1241 2391 1444 2431 illuminet.
1498 2392 1557 2431 16.
1588 2389 1653 2430 Illa
1675 2391 1780 2430 enim
1802 2389 1897 2430 hora
1921 2394 1963 2424 30

406 2456 586 2498 Christus
614 2457 655 2497 in
685 2455 802 2496 latere
831 2456 963 2496 lancea
983 2455 1198 2509 perforatus
1228 2462 1299 2504 est,
1329 2456 1485 2508 sanguis
1510 2462 1549 2496 et
1568 2468 1665 2509 aqua
1695 2455 1824 2504 exivit,
1853 2468 1897 2495 ac

405 2528 542 2575 postea
561 2520 625 2562 lux
643 2528 723 2562 erat
744 2520 805 2562 die
824 2521 975 2575 reliquo
994 2535 1115 2575 usque
1135 2520 1183 2562 ad
1202 2535 1417 2574 vesperam.
1470 2532 1527 2573 17.
1549 2519 1643 2561 Ideo
1664 2528 1704 2561 tu
1725 2533 1897 2573 quoque,

406 2587 439 2627 si
469 2585 633 2636 dormis,
663 2585 779 2627 alium
810 2586 915 2627 diem
944 2587 1105 2640 incipias
1134 2600 1177 2627 ac
1207 2593 1343 2640 typum
1374 2585 1669 2627 resurrectionis
1698 2583 1823 2625 facias.

515 2719 536 2749 3
559 2714 675 2748 Matth.
700 2714 730 2755 6,
759 2724 807 2758 34.
831 2735 871 2739 -
897 2719 939 2750 20
963 2715 1075 2748 Ioann.
1104 2725 1151 2755 xo,
1178 2725 1226 2749 11.
1254 2724 1302 2756 14.
1325 2734 1367 2738 —
1391 2719 1430 2749 21
1455 2715 1566 2748 Ioann.
1591 2714 1621 2755 6,
1648 2723 1696 2756 50.

514 2836 556 2868 29
574 2844 687 2867 verum
704 2846 712 2867 :
730 2835 782 2878 qui
799 2844 865 2867 non
882 2834 1037 2867 mentitur
1052 2834 1078 2867 L
1099 2835 1103 2875 Ι
1123 2837 1222 2875 32133
1238 2841 1272 2867 tu
1290 2853 1323 2859 -
1339 2833 1438 2867 facias
1455 2845 1461 2866 :
1481 2834 1638 2877 incipiens
1654 2833 1794 2866 dormire
1811 2833 1898 2876 priu-

407 2889 526 2932 cipium
551 2888 683 2921 alterius
706 2889 768 2922 diei
794 2887 916 2922 faciens
940 2889 1119 2932 imaginem
1142 2889 1386 2922 resurrectionis
1403 2887 1581 2931 complevit
1604 2888 1666 2929 (sc.
1684 2886 1849 2929 Christus)
1870 2886 1899 2919 L
