2457 3436
684 356 761 394 128
1222 360 1444 390 mmscnu
1472 360 1647 389 ARAmCA.

683 473 782 515 quae
812 473 832 500 a
860 465 900 499 te
930 457 1181 512 proveniunt,
1217 454 1459 498 confirmasti
1495 456 1627 510 eisque
1657 456 1897 510 impertiisti,
1938 464 1983 498 ut
2014 457 2147 498 mandat

684 533 750 566 tua
779 538 869 564 cum
897 523 1042 564 timore
1072 522 1276 575 impleant;
1305 521 1371 575 qui
1391 521 1624 575 mysterium
1645 521 1818 562 veritatis
1840 520 1964 562 nobis
1986 521 2117 563 dedisti
2139 537 2147 562 ε

686 589 817 630 locum
853 587 983 628 salutis
1019 586 1185 627 docuisti
1225 600 1268 627 ac
1304 585 1442 626 misisti
1478 585 1592 626 nobis
1628 585 1750 627 filium
1785 593 1903 627 tuum
1943 588 2147 641 unigenitus

687 653 885 703 dilectum,
921 652 1152 693 salvatorem
1183 651 1231 692 ad
1261 665 1334 692 nos
1363 650 1582 703 salvandos,
1620 659 1658 692 et
1687 650 1831 692 dedisti
1863 651 1987 693 nobis
2017 653 2147 706 spiritui

643 731 664 761 ὅ
688 726 800 759 tuum
829 725 1020 767 sanctum,
1050 724 1092 758 ut
1121 716 1234 757 ducat
1263 730 1337 757 nos
1366 714 1413 756 ad
1443 715 1696 769 probitatem;
1730 729 1790 757 11.
1823 717 1950 767 Deus,
1974 725 2086 771 pater
2106 717 2147 758 Dc

688 783 783 823 mini
799 783 917 822 nostri
933 782 1028 831 Iesu,
1042 789 1153 836 pater
1172 780 1512 822 misericordiarum
1533 794 1577 821 ac
1587 781 1693 822 Deus
1711 783 1833 822 omnis
1850 782 2001 832 solatii,
2022 782 2147 822 habita,

690 849 727 887 in
749 846 837 887 locis
855 847 1010 896 sanctis,
1040 846 1157 899 puris,
1187 845 1298 887 laude
1318 845 1465 899 dignis3
1496 859 1674 899 magnus,
1703 845 1919 896 timendus,
1954 846 2110 888 humiles
2124 862 2147 887 r«

687 913 854 965 spiciens,
890 912 1016 951 omnia
1044 924 1204 960 noscens,
1240 918 1439 965 antequam
1466 910 1582 964 fiunt,
1618 910 1719 964 apud
1754 925 1875 964 quem
1914 913 2058 953 omnia
2089 925 2147 952 sun

690 976 797 1030 quasi
826 983 915 1016 ante
944 976 1183 1016 creationem
1220 976 1296 1016 iam
1326 974 1480 1025 fuerint,
1516 975 1647 1016 lumen
1682 976 1829 1029 gratiae
1865 990 1964 1018 suae
1997 976 2147 1018 collocar

626 1054 667 1084 10
691 1041 729 1081 in
760 1040 920 1081 ecclesia
950 1047 1080 1081 sancta
1109 1054 1177 1094 per
1206 1040 1328 1081 filiurn
1358 1054 1469 1081 suum
1492 1040 1757 1093 unigenitum3
1793 1052 1855 1081 12.
1888 1042 1957 1096 qui
1990 1043 2100 1084 initio
2126 1055 2147 1082 s«

690 1106 836 1158 paravit
870 1119 953 1155 eos,
987 1105 1053 1159 qui
1089 1104 1201 1146 electi
1237 1112 1340 1154 sunt,
1375 1111 1416 1145 ut
1446 1112 1602 1145 servent
1630 1105 1813 1146 iustitiam
1846 1106 1932 1146 eius
1971 1121 2019 1147 ac
2053 1106 2147 1147 faciat

690 1169 930 1211 voluntatem
962 1170 1056 1219 eius,
1087 1177 1128 1211 ut
1154 1170 1230 1211 sint
1251 1172 1289 1210 in
1310 1169 1535 1210 habitaculis
1555 1171 1631 1210 eius
1649 1171 1788 1210 sanctis
1794 1185 1811 1219 ;
1839 1171 1908 1224 qui
1929 1171 2056 1224 elegit
2072 1170 2147 1212 Abr:

693 1234 794 1284 ham,
825 1235 863 1274 in
894 1248 972 1289 quo
1003 1234 1285 1288 beneplacitum
1317 1234 1386 1275 tibi
1414 1233 1483 1276 fuit
1513 1241 1672 1289 propter
1694 1233 1814 1276 fidem
1847 1234 1980 1290 (eius)
2014 1244 2054 1278 et
2071 1244 2145 1277 tran

690 1299 854 1353 posuisti
883 1299 1051 1340 Henoch
1080 1307 1191 1341 tuum
1222 1307 1398 1341 sanctum
1426 1300 1466 1339 in
1495 1299 1579 1340 loca
1608 1300 1727 1349 vitae;
1773 1313 1832 1353 13.
1870 1308 1927 1350 tu,
1966 1301 2091 1351 Deus,
2121 1313 2147 1355 qi

628 1376 667 1406 15
691 1363 912 1405 sacerdotes
934 1365 1182 1415 constituisti,
1212 1373 1252 1405 ut
1273 1365 1349 1405 sint
1369 1365 1563 1419 principes
1584 1365 1622 1405 in
1643 1363 1740 1405 locis
1760 1366 1835 1405 tuis
1857 1366 2022 1415 sanctis,
2044 1380 2147 1419 eosqt

691 1429 843 1483 elegisti
873 1443 944 1483 pro
976 1429 1137 1470 ecclesia
1167 1437 1230 1470 tua
1259 1429 1441 1482 gloriosa,
1480 1437 1522 1470 ut
1549 1428 1771 1483 glorificent
1806 1437 1844 1470 et
1885 1429 2147 1471 benedicant«

690 1492 848 1534 laudent
876 1508 1025 1535 nomen
1054 1502 1165 1536 tuum
1195 1502 1370 1535 sanctum
1392 1494 1587 1535 excelsum
1618 1501 1656 1535 et
1674 1494 1803 1535 Iesum
1826 1494 2035 1536 Christum
2065 1495 2147 1536 filim

691 1566 800 1600 tuum
831 1559 1076 1613 unigenitum
1098 1567 1136 1600 et
1157 1560 1334 1613 spiritum
1355 1567 1463 1601 tuum
1487 1567 1676 1610 sanctum,
1705 1574 1756 1600 ne
1785 1560 1899 1600 locus
1918 1567 2012 1602 tuus
2033 1567 2147 1601 sancti

692 1625 775 1664 sine
796 1625 1014 1665 ministerio
1036 1626 1075 1665 in
1098 1639 1140 1666 ea
1160 1626 1209 1665 sit
1228 1624 1319 1665 inde
1340 1639 1359 1665 a
1378 1632 1559 1678 tempore
1580 1625 1786 1665 creationis
1807 1625 1969 1675 mundi;
1993 1633 2034 1667 et
2053 1633 2147 1681 post<

625 1700 669 1731 20
694 1703 778 1730 eam
809 1689 909 1730 bene
938 1689 1135 1731 instituisti
1164 1689 1428 1731 sacerdotibus
1449 1690 1553 1744 puris
1575 1697 1613 1731 et
1632 1689 1867 1744 presbyteris
1889 1689 1979 1730 fidis
2000 1697 2147 1745 tanqum

692 1754 904 1807 imaginem
928 1754 1112 1795 ecclesiae
1131 1755 1302 1808 virginis,
1322 1768 1418 1809 quae
1440 1762 1498 1796 est
1515 1755 1554 1795 in
1576 1754 1702 1805 caelo;
1737 1768 1797 1808 14.
1829 1762 1867 1796 et
1888 1769 1996 1796 nunc
2017 1769 2144 1810 quoqu

692 1819 880 1868 Domine,
916 1818 963 1859 da
992 1833 1107 1861 servo
1143 1827 1213 1861 tuo
1242 1819 1330 1860 huic
1359 1820 1410 1860 N.
1440 1819 1506 1868 N.,
1545 1833 1662 1873 quem
1691 1819 1757 1861 tibi
1788 1819 1933 1873 placuit
1963 1820 2114 1861 elevare
2139 1835 2147 1859 a

692 1882 864 1937 dignare,
901 1891 942 1925 ut
977 1883 1158 1925 sacerdos
1189 1883 1435 1939 (ἀρχιερεύς)
1466 1892 1579 1935 esset,
1614 1884 1761 1934 lumen,
1797 1892 1840 1925 ut
1873 1884 2147 1927 illumineturi

691 1948 895 1990 virtutibus
924 1949 999 1990 tuis
1027 1950 1182 1999 sanctis,
1219 1957 1258 1991 et
1287 1949 1442 1991 effunde
1478 1963 1593 2003 super
1622 1964 1711 1990 eum
1742 1949 1990 2002 prudentiam
2024 1950 2147 1991 electa}

625 2025 667 2055 25
691 2014 902 2054 sanctitatis
943 2021 1030 2054 tuae
1069 2021 1106 2055 et
1140 2015 1302 2068 gratiam
1344 2022 1547 2069 potentem
1586 2015 1741 2069 spiritus
1776 2015 1845 2064 tui,
1885 2029 2006 2070 quem
2049 2015 2147 2057 dedis

693 2078 877 2119 ecclesiae
897 2085 985 2119 tuae
1006 2086 1160 2120 sanctae
1181 2094 1250 2133 per
1268 2079 1389 2120 filium
1411 2088 1521 2121 tuum
1544 2079 1728 2121 dilectum
1750 2080 1972 2121 Dominum
2005 2089 2147 2122 nostru]

690 2143 819 2184 Iesum
851 2143 1071 2194 Christum;
1108 2157 1166 2196 15.
1197 2143 1244 2185 da
1274 2145 1310 2185 ei
1338 2145 1564 2198 sapientiam
1596 2152 1634 2185 et
1661 2145 1878 2194 scientiam,
1909 2146 2118 2187 veritatem
2145 2167 2147 2179 ι

691 2208 874 2250 virtutem
905 2215 943 2249 et
971 2208 1152 2250 solatium
1174 2223 1244 2263 per
1263 2210 1441 2263 spiritum
1461 2217 1571 2250 tuum
1593 2217 1784 2260 sanctum,
1814 2216 1856 2251 ut
1875 2209 2023 2251 virtute
2042 2211 2147 2264 grati:

690 2280 779 2314 tuae
809 2274 942 2314 omnia
972 2273 1158 2327 perficere
1194 2275 1329 2328 possit.
1393 2277 1451 2316 16.
1487 2274 1616 2315 Immo
1646 2274 1777 2324 etiam,
1811 2282 1939 2316 sancte
1975 2277 2016 2316 in
2049 2285 2147 2317 sanci

624 2346 666 2376 30
690 2337 876 2388 habitans,
906 2338 952 2379 da
984 2340 1018 2379 ei
1046 2339 1224 2392 spiritum
1254 2346 1363 2380 tuum
1394 2347 1584 2390 sanctum,
1613 2353 1731 2393 quem
1758 2339 1897 2381 dedisti
1921 2342 2063 2382 ceteris
2092 2354 2147 2395 aps

689 2402 813 2452 stolis,
844 2417 960 2458 quem
992 2403 1160 2445 effudisti
1189 2404 1228 2444 in
1258 2403 1420 2445 ecclesia
1439 2413 1504 2446 tua
1534 2411 1663 2445 sancta
1684 2405 1933 2446 immaculata
1954 2413 1994 2447 et
2015 2407 2054 2446 in
2076 2420 2147 2447 om:

798 2537 816 2566 5
842 2532 972 2566 neor.
1001 2543 1027 2573 1,
1055 2542 1081 2575 3.
1107 2551 1147 2557 —-
1171 2536 1191 2566 6
1214 2532 1267 2565 Ps.
1293 2542 1364 2573 112,
1392 2543 1419 2576 5.
1445 2553 1485 2559 —
1516 2538 1536 2568 7
1558 2534 1608 2567 Ps.
1637 2542 1707 2573 112,
1730 2532 1760 2566 6.
1790 2552 1832 2559 —
1861 2538 1883 2568 8
1905 2534 1993 2569 Dan.
2021 2545 2048 2576 1,
2069 2543 2121 2575 42.
2144 2554 2147 2559 ·

691 2589 730 2617 12
754 2584 815 2618 les.
839 2585 891 2627 63,
918 2596 967 2628 ¹5·
991 2607 1034 2612 —
1061 2590 1099 2620 12
1123 2587 1218 2620 Rom,
1243 2596 1274 2627 4,
1296 2597 1327 2630 9.
1352 2607 1392 2611 -
1419 2592 1459 2622 14
1482 2589 1578 2622 Hebr.
1604 2597 1653 2628 11,
1679 2597 1706 2629 5.
1731 2606 1772 2612 —
1795 2591 1838 2622 29
1861 2588 1924 2622 les.
1952 2599 2004 2632 57,
2030 2599 2079 2631 ις.

686 2705 933 2748 metropolitam
946 2706 1151 2750 (Denzinger
1162 2706 1182 2740 1.
1197 2717 1223 2740 c.
1240 2718 1270 2751 p.
1287 2717 1322 2750 33
1339 2709 1404 2752 sq.)
1472 2718 1520 2748 ea,
1544 2717 1625 2752 quae
1648 2708 1734 2751 apud
1748 2708 1930 2743 Maronitas
1955 2709 1990 2743 in
2006 2710 2147 2743 chirotor

687 2763 719 2790 et
749 2758 1031 2803 archiepiscopum
1054 2760 1311 2795 Alexandrinum
1343 2762 1402 2804 (ib.
1471 2762 1723 2806 patriarcharum
1746 2762 1865 2796 dicitur
1886 2763 2095 2808 (Denzinger
2114 2763 2134 2796 1.

686 2821 716 2852 p.
741 2811 783 2850 48
807 2813 872 2855 sq.)
896 2814 1130 2855 pronuntiatur,
1154 2825 1192 2848 ac
1215 2816 1308 2860 quasi
1330 2826 1402 2849 me-
1471 2827 1502 2860 p.
1527 2825 1590 2850 220
1611 2817 1685 2861 sq.).

684 2863 736 2897 dia
752 2865 837 2898 inter
854 2876 908 2899 eas
925 2873 984 2900 est.
1026 2868 1106 2901 Fere
1123 2869 1238 2903 eadem
1258 2875 1307 2903 est
1326 2881 1401 2903 cum
