2457 3436
985 273 1116 302 CAP1TA
1145 273 1346 303 Annrricm.
1835 265 1909 302 127

410 368 452 408 ei
480 368 756 409 testimonium
785 367 891 419 dent,
922 376 960 410 et
989 370 1162 423 episcopi
1191 376 1413 423 praesentes
1443 370 1477 410 ei
1509 383 1668 411 manum
1689 370 1909 424 imponant.

411 445 454 485 7.
485 432 595 474 Tum
625 447 762 474 manus
791 433 920 475 lavent
949 447 1117 489 eumque
1147 433 1343 484 ordinent,
1380 433 1474 475 dum
1511 434 1677 488 populus
1708 436 1911 476 universus

411 496 544 539 adstat
573 498 613 538 in
643 498 771 552 quiete
802 505 839 539 et
867 499 1010 540 timore
1040 506 1079 540 et
1105 513 1243 539 manus
1264 513 1351 539 cum
1375 499 1530 540 silentio
1552 499 1687 540 elevat.
1736 500 1772 541 8.
1803 500 1910 541 Dum

414 576 559 603 manus
589 563 864 617 episcoporum
892 578 1007 617 super
1029 578 1118 604 eum
1140 564 1356 618 quiescunt,
1387 564 1516 605 dicant
1536 565 1606 606 ita:
1637 564 1911 619 „Imponimus

416 641 559 669 manus
578 635 730 669 nostras
750 642 866 681 super
886 628 988 669 hunc
1015 642 1170 669 servum
1192 629 1267 670 Dei
1290 628 1456 670 electum
1478 630 1515 669 in
1543 630 1707 670 nomine
1727 631 1843 683 patris
1874 638 1911 672 et

417 691 488 733 filii
517 700 557 733 et
584 693 740 746 spiritus
763 693 897 743 sancti,
929 701 970 735 ut
988 694 1256 747 impertiamus
1276 693 1455 734 ordinem
1478 693 1634 735 firmum
1659 693 1739 749 (et)
1760 694 1911 735 bonum

417 758 570 808 unicae,
600 759 713 799 unice
733 758 1000 800 immaculatae
1021 758 1205 800 ecclesiae
1227 759 1302 800 Dei
1324 759 1400 799 vivi
1422 758 1504 813 (et)
1525 758 1724 800 invisibilis
1744 759 1793 800 ad
1822 758 1911 800 faci-

419 821 568 863 endum
588 821 770 864 iudicium
791 824 933 864 iustum
954 830 991 864 et
1011 823 1365 864 manifestationem
1387 831 1559 867 sanctam
1583 831 1620 865 et
1638 825 1778 877 gratias
1796 838 1911 878 puras

419 895 458 928 et
494 886 713 929 doctrinam
745 895 903 939 certam,
939 903 1037 943 quae
1074 888 1258 929 ecclesiae
1292 888 1502 930 catholicae
1531 903 1552 929 a
1581 896 1712 930 sancta
1741 890 1910 931 trinitate

393 944 563 1005 ‘obtigit
584 966 653 1006 per
673 954 901 1007 mysterium
925 955 1089 994 crucis“.
1139 966 1175 1006 9.
1206 954 1251 994 Et
1271 961 1407 1007 postea
1430 954 1577 1007 primus
1599 955 1696 995 inter
1717 953 1802 995 illos
1833 956 1911 1009 epi-

420 1030 566 1071 scopus
596 1031 755 1058 manum
786 1032 903 1072 super
932 1032 1021 1059 eum
1052 1019 1229 1072 imponat
1260 1026 1296 1059 et
1317 1018 1415 1059 hanc
1437 1019 1657 1060 orationem
1679 1020 1911 1060 consecrati-

419 1082 509 1122 onis
539 1082 656 1123 dicat:
693 1095 752 1123 10.
783 1084 918 1133 „Deus
949 1084 1216 1137 omnipotens,
1246 1084 1311 1138 qm·
1330 1085 1496 1137 potentia
1519 1097 1587 1124 sua
1616 1085 1742 1124 omnia
1771 1086 1911 1125 creavit

419 1160 465 1186 ac
484 1145 663 1201 firmavit
683 1147 806 1188 orbem
835 1148 1035 1189 voluntate
1055 1162 1135 1198 sua,
1165 1155 1220 1198 tu,
1250 1149 1316 1202 qui
1336 1161 1524 1189 coronam
1547 1149 1726 1189 omnium
1759 1163 1911 1199 eorum,

532 1259 573 1289 12
595 1256 647 1288 Ps.
671 1265 742 1298 103,
767 1265 817 1296 24.
842 1276 882 1282 —
909 1259 947 1290 13
969 1256 1021 1289 Ps.
1045 1265 1097 1299 92,
1124 1265 1151 1289 1.

419 1374 550 1408 Deinde
573 1375 846 1416 animadvertens,
871 1375 959 1408 illam
979 1386 1134 1408 manuum

420 1429 667 1472 impositionem
692 1440 758 1462 non
774 1439 847 1463 esse
864 1440 947 1470 eam,
972 1440 1033 1473 qua
1052 1429 1134 1463 ordo

419 1482 596 1524 confertur,
620 1483 716 1523 addit,
739 1494 822 1527 quae
845 1484 877 1516 in
901 1483 954 1517 illa
977 1484 1133 1528 scriptura

418 1538 531 1570 statim
556 1538 792 1581 subiunguntur
816 1545 848 1571 et
873 1538 1018 1571 versibus
1046 1548 1067 1582 9
1096 1550 1133 1572 ac

420 1600 552 1631 22—24
564 1591 768 1625 Didascaliae
782 1597 911 1625 nostrae
924 1592 1132 1635 respondent.

418 1644 502 1678 Sunt
532 1650 643 1678 autem
673 1646 772 1679 haec:
808 1646 992 1685 „Posthaec
1023 1653 1132 1679 autem

418 1700 569 1743 imponat
599 1700 720 1743 primus
745 1701 918 1744 episcopus
950 1711 988 1733 ex
1012 1700 1074 1733 illis
1104 1702 1134 1733 ei

419 1764 558 1787 manum
582 1760 614 1787 et
637 1754 721 1787 dicat
744 1754 919 1788 formulam
936 1756 1133 1788 consecrati-

420 1808 494 1840 onis
527 1817 585 1840 seu
618 1808 849 1849 ordinationis;
883 1809 1032 1852 dicatque
1063 1809 1134 1842 uni-

420 1872 535 1895 versus
559 1862 713 1905 populus:
738 1862 857 1895 Amen.
894 1862 1022 1895 Deinde
1039 1872 1134 1896 oscu-

420 1916 529 1949 lentur
553 1926 627 1948 eum
652 1916 809 1959 episcopi,
840 1921 872 1949 et
896 1916 1003 1949 dicant
1028 1917 1134 1949 cuncti

422 1970 610 2003 sacerdotes
627 1976 659 2003 et
677 1970 832 2014 populus:
850 1970 987 2014 Dignus,
1004 1971 1133 2014 dignus,

420 2025 557 2068 dignus;
582 2030 614 2058 et
632 2024 821 2057 osculentur
843 2024 933 2058 illum
952 2035 1070 2057 omnes
1086 2030 1133 2057 at-

420 2088 483 2122 que
496 2078 712 2121 adprecentur
723 2078 768 2111 illi
785 2089 900 2122 pacem
913 2084 945 2111 et
963 2078 1133 2111 salutem“.

464 2132 494 2165 8.
519 2131 674 2165 canones
695 2143 833 2177 quoque,
856 2134 909 2177 qui
925 2132 983 2165 sub
999 2133 1134 2165 nomine

421 2185 592 2230 Hippolyti
610 2185 887 2227 circumferuntur,
903 2197 931 2219 c.
950 2196 968 2219 2
984 2186 1052 2229 (ed.
1069 2186 1132 2219 Ha-

421 2240 547 2285 neberg
567 2241 649 2283 1870
665 2252 695 2283 p.
714 2239 773 2282 64)
796 2240 937 2274 orationi
961 2251 1134 2274 consecra-

420 2295 519 2327 tionis
554 2295 684 2338 proprie
713 2294 818 2327 dictae
852 2296 1035 2328 orationem
1066 2296 1134 2338 epi-

422 2358 598 2392 scoporum
622 2358 834 2381 communem
859 2349 1077 2392 praemittunt.
1102 2354 1132 2381 et

422 2404 553 2447 quidem
588 2403 687 2436 hanc:
727 2403 781 2443 „O
816 2403 916 2444 Deus,
957 2404 1133 2435 corrobora

422 2458 518 2498 hunc,
542 2467 641 2501 quern
663 2457 758 2490 nobis
774 2458 1002 2501 praeparasti“.
1041 2457 1134 2490 Ritus

422 2511 665 2545 constitutionis
676 2511 913 2554 archiepiscopi
925 2511 1135 2543 Alexandrini

423 2565 468 2598 illi
492 2566 633 2599 orationi
656 2566 740 2598 hanc
758 2565 943 2598 orationem
960 2566 1134 2609 episcopo—

423 2631 494 2653 rum
525 2630 737 2653 communem
767 2620 908 2653 orationi
932 2619 1135 2652 Didascaliae

423 2674 564 2707 similem
577 2675 759 2718 postponit:
777 2674 1002 2717 „imponimus
1018 2684 1133 2706 manus

423 2734 551 2761 nostras
576 2738 674 2772 super
697 2729 838 2761 electum
862 2738 994 2760 servum
1011 2728 1073 2760 Dei
1092 2727 1132 2761 N.

423 2783 454 2815 in
487 2782 625 2816 nomine
656 2783 753 2826 patris
790 2788 821 2815 et
851 2781 907 2815 filii
938 2788 970 2815 et
1004 2782 1133 2825 spiritus

1201 1376 1304 1408 sancti
1329 1375 1369 1407 ad
1392 1374 1676 1407 confirmationem
1701 1381 1733 1408 et
1757 1377 1913 1409 constitu-

1200 1430 1324 1462 tionem
1342 1426 1595 1471 (κατάστασις)
1611 1429 1751 1462 validam
1774 1436 1806 1462 et
1825 1431 1912 1473 piam

1200 1485 1292 1517 unius
1325 1483 1426 1516 solius
1455 1483 1657 1516 indivisibilis
1681 1483 1840 1517 ecclesiae
1864 1485 1912 1516 in-

1199 1537 1333 1571 visibilis
1350 1538 1412 1570 Dei
1432 1538 1506 1577 vivi,
1524 1548 1621 1581 quam
1640 1538 1839 1580 comparavit
1856 1548 1914 1581 per

1200 1592 1455 1625 incarnationem
1469 1597 1501 1624 et
1510 1592 1790 1635 dispensationem
1801 1592 1913 1634 (οἰκο-

1199 1647 1324 1688 νομία)
1337 1647 1521 1679 universam
1536 1652 1567 1678 et
1582 1656 1712 1678 crucem
1725 1651 1758 1679 et
1769 1652 1912 1679 mortem

1200 1707 1231 1733 et
1245 1701 1518 1733 resurrectionem
1531 1710 1623 1733 suam
1638 1700 1814 1738 amortuis,
1823 1700 1913 1733 Deus

1201 1765 1240 1787 ex
1264 1754 1347 1795 Deo,
1378 1754 1564 1798 unigenitus
1588 1753 1671 1787 filius
1700 1755 1799 1798 patris
1823 1754 1912 1787 Iesus

1201 1809 1349 1842 Christus
1362 1809 1524 1842 Dominus
1540 1814 1661 1848 noster,
1678 1809 1716 1840 ad
1736 1808 1913 1841 iustificati-

1200 1874 1299 1895 onem
1313 1862 1503 1895 iudiciorum
1516 1862 1914 1902 veritatis‚revelationum

1201 1923 1393 1957 sanctarum,
1408 1916 1568 1950 donorum
1582 1915 1733 1960 (δωρεὰ)
1747 1926 1914 1949 sacrorum

1201 1976 1233 2003 et
1245 1970 1464 2003 doctrinarum
1477 1969 1621 2003 fidelium
1634 1970 1673 2003 de
1686 1971 1827 2003 trinitate
1840 1980 1912 2015 per-

1200 2022 1284 2056 fecta
1298 2030 1329 2057 et
1343 2024 1620 2064 consubstantiali,
1634 2024 1673 2057 de
1685 2035 1778 2058 cruce
1792 2030 1914 2063 sancta,

1200 2088 1282 2122 quae
1295 2083 1343 2111 est
1356 2083 1516 2111 armatura
1529 2073 1673 2120 (ὅπλον)
1680 2078 1823 2111 fidelium
1840 2080 1912 2120 (πι-

1201 2128 1310 2173 στός),
1323 2131 1564 2165 firmamentum
1579 2132 1747 2172 ecclesiae,
1758 2132 1914 2165 securitas

1199 2183 1403 2227 (ἀσφάλεια)
1416 2186 1774 2225 sacerdotum,victoria
1786 2197 1913 2230 regum,

1201 2241 1398 2284 prosperitas
1441 2237 1673 2282 (εὐστάθεια)
1717 2240 1913 2283 populorum

1201 2295 1357 2337 (δῆμος),
1370 2294 1564 2327 resurrectio
1577 2300 1781 2327 mortuorum
1795 2300 1827 2326 et
1841 2294 1914 2337 pig-

1201 2359 1260 2381 nus
1285 2348 1525 2390 incorruptibile
1553 2348 1586 2379 in
1615 2347 1754 2387 saecula,
1784 2351 1913 2381 amen·‘.

1201 2402 1252 2436 Cf.
1277 2402 1464 2446 Denzinger
1487 2401 1507 2435 l.
1532 2412 1559 2435 c.
1585 2413 1615 2444 p.
1642 2401 1691 2443 56.

1248 2466 1295 2489 10.
1326 2455 1376 2489 Cf.
1402 2455 1441 2489 C.
1465 2456 1504 2488 A.
1529 2455 1616 2496 VIII,
1641 2464 1671 2495 4,
1695 2454 1730 2496 6;
1760 2455 1914 2499 Epitome

1201 2510 1256 2551 111,
1273 2510 1303 2543 6.
1329 2529 1366 2534 —
1392 2510 1491 2553 dicat]
1516 2509 1657 2542 Codices
1681 2509 1793 2543 colore
1817 2510 1915 2542 rubro

1201 2565 1373 2597 adnotant:
1397 2563 1513 2597 Oratio
1537 2563 1794 2596 consecrationis
1817 2573 1916 2606 super

1201 2620 1403 2662 episcopum.

1247 2683 1382 2706 10-21.
1414 2673 1504 2706 Haec
1533 2673 1637 2706 oratio
1663 2682 1764 2715 prope
1788 2672 1914 2704 accedit

1201 2728 1239 2760 ad
1263 2737 1347 2767 eam,
1380 2736 1476 2771 quam
1500 2725 1653 2769 Epitorne
1677 2736 1704 2758 c.
1728 2734 1749 2765 4
1772 2725 1912 2765 exhibet,

1201 2788 1232 2814 et
1257 2781 1296 2813 ad
1321 2791 1404 2820 eam,
1429 2791 1510 2824 quae
1535 2780 1618 2823 apud
1644 2779 1793 2824 Coptitas
1817 2789 1916 2823 super

1938 963 1980 993 10
