2457 3436
562 369 877 399 cousmmnosns
905 356 1171 399 nabsmnonun
1200 370 1250 405 v1‚
1280 371 1330 408 19,
1353 371 1470 408 4-20‚
1494 372 1523 403 3.
1709 359 1789 399 349

452 462 489 506 η’)
517 464 595 519 γάρ
622 480 708 506 που
734 466 954 507 κατέλυσεν
973 464 1050 507 τὸν
1077 465 1221 518 νόμον,
1251 482 1310 514 ως
1328 467 1472 518 Σίμων
1500 464 1670 517 δοξάζει,
1700 462 1792 507 ἀλλ’

452 543 551 573 ισεν·
586 532 691 584 λέγει
726 529 822 584 γάρ·
855 562 882 580 ,,
881 526 998 572 Ἰὤτα
1025 529 1112 572 ἕν’
1097 529 1122 584 ἡ
1157 534 1229 583 μία
1262 533 1403 583 κεραία
1432 529 1483 572 ου
1515 530 1570 585 μὴ
1602 520 1791 583 παρέλθῇ
1828 554 1831 558 ’

452 600 488 637 v5
516 595 662 647 νόμον,
690 592 820 643 ἕως”
795 610 847 636 αν
874 595 1014 637 πάντα
1040 596 1221 648 γένηται·
1257 594 1308 637 οὔ
1334 595 1412 648 γὰρ
1439 589 1604 649 ἦλθονκ
1603 627 1614 644 ,
1651 598 1790 650 φησίν,

452 664 553 702 ὗσαι
571 660 649 702 τὸν
667 659 798 713 νόμον
816 658 843 713 ἢ
861 660 960 708 τοὺς
977 660 1204 714 προφήτας,
1233 657 1337 702 ἀλλὰ
1356 663 1611 714 ,πληρῶσαιῆ
1656 675 1694 714 4.
1723 662 1791 702 καὶ

453 728 469 766 i
491 729 660 779 Μωσῆς,
688 727 917 779 νομοθέτης
936 722 1041 778 ὁμοῦ
1067 727 1135 767 καὶ
1163 724 1370 778 α’ρχιερεὺς
1397 728 1464 766 καὶ
1483 724 1697 779 προφήτης
1723 727 1791 767 καὶ

452 806 499 840 ις,
532 792 602 833 καὶ
630 789 766 839 Ἠλίας
799 787 825 831 ὁ
856 790 1041 844 ζηλωτὴς
1068 794 1157 832 τῶν
1188 795 1419 869 προφητῶν
1452 796 1633 844 συνῆσαν
1668 791 1714 831 ἐν
1739 795 1792 842 τῇ

452 854 607 907 ρφώσει
635 860 714 897 τοῦ
740 859 885 908 κυρίου
912 855 958 896 ἐν
984 858 1047 908 τῷ
1075 852 1160 907 ὄρει
1187 855 1387 908 μάρτυρες
1413 852 1543 896 αὐτοῦ
1572 861 1645 909 τῆς
1672 855 1791 896 ἐναν-

453 933 559 968 «teme
586 923 655 962 καὶ
682 923 772 962 τῶν
796 918 1070 973 καθημάτων,
1106 918 1163 967 ὥς
1190 922 1303 971 φίλοι
1331 923 1513 973 Χριστοῦ
1541 922 1609 962 καὶ
1637 921 1791 968 οἰκεῖοι,

452 983 493 1038 ιἰχ
512 983 570 1034 ὡς
588 982 782 1038 ἐχθροὶ”
758 1002 783 1036 η
801 982 1029 1035 ἀλλότριοι·
1058 985 1101 1036 ἐξ
1118 1000 1180 1025 ων
1199 986 1416 1032 δείκνυται,
1446 985 1510 1027 ὅτι
1534 987 1603 1027 καὶ
1623 983 1647 1027 5
1665 985 1793 1038 νόμος

455 1054 524 1093 καὶ
551 1049 667 1103 ἅγιος
694 1052 763 1092 καὶ
791 1049 831 1091 οἱ
857 1054 1077 1104 προφῆται.

452 1115 501 1158 X.
532 1115 675 1167 Νόμος
702 1117 748 1157 δέ
764 1115 876 1156 ἐστιν
902 1112 928 1167 ἡ
954 1114 1188 1167 δεκᾶλογος,
1217 1111 1268 1167 ἣν
1285 1114 1368 1167 ,πρὸ
1389 1120 1467 1157 τοῦ
1492 1115 1570 1157 τὸν
1597 1114 1702 1156 λαὸν
1719 1130 1790 1167 μο-

452 1186 540 1235 ῆσαι
569 1179 647 1222 τὸν
673 1176 768 1231 παρ’
798 1180 1039 1232 Αἰγυπτίοις
1057 1176 1168 1221 Ἆπιν
1196 1179 1295 1228 θεὸς
1323 1178 1464 1228 αὐτοῖς
1492 1180 1792 1234 ἐνομοθέτησεν

452 1250 484 1298 ῇ
500 1249 636 1298 φωνῇ·
665 1234 742 1287 ουτἱ
744 1259 790 1293 ος
816 1245 860 1286 δὲ
879 1243 1035 1293 δίκαιός
1061 1244 1184 1292 ἐστιν,
1214 1243 1279 1286 διὸ
1295 1246 1364 1285 καὶ
1382 1244 1509 1297 νόμος
1536 1246 1693 1299 λέγεται
1723 1245 1790 1287 διὰ

452 1320 499 1350 m
523 1311 690 1358 δικαίως
717 1310 792 1358 τὰς
809 1311 959 1361 κρίσεις
984 1313 1211 1351 ποιεῖσθαι·
1241 1306 1291 1350 ὃν
1310 1309 1350 1351 οἱ
1377 1312 1469 1362 περὶ
1489 1312 1660 1362 Rumam
1687 1325 1791 1359 φαυ·

452 1374 712 1434 Qatnu,
736 1373 791 1428 μὴ
806 1376 1022 1426 κριθέντες
1038 1372 1113 1416 ὑπ’
1130 1372 1259 1416 αὐτοῦ
1279 1375 1357 1427 τὴν
1376 1374 1548 1416 κόλασιν
1570 1374 1791 1429 ἐκφεύγειν.

452 1454 495 1489 ος
521 1438 546 1481 ὁ
579 1440 709 1492 νόμος
741 1438 914 1492 α’γαθός,
949 1437 1078 1489 ὅσιος,
1111 1438 1484 1492 α’κατανάγκαστος.
1541 1442 1665 1495 φησὶν
1697 1440 1791 1494 γάρ’

457 1505 498 1546 ὀὶ
523 1503 697 1558 ποιήσῃς
723 1519 793 1557 μοι
820 1504 1131 1558 θυσιαστήριον,
1165 1504 1212 1546 ἐκ
1238 1510 1311 1558 γῆς
1337 1503 1520 1557 ποιήσεις
1550 1521 1621 1558 μοι
1647 1502 1792 1547 αὖτό“.

452 1584 461 1608 ι
499 1566 630 1611 εἶπεν·
671 1571 865 1623 Ποίησον,
911 1568 1018 1610 ἀλλ’·
1060 1565 1183 1618 ,,Ἐὰν
1225 1569 1442 1623 ποιήσῃς“·
1492 1568 1571 1611 οὐκ
1610 1566 1790 1623 ἀνάγκην

458 1655 514 1690 Mt.
539 1665 567 1698 5,
594 1657 643 1690 18.
670 1665 720 1699 ¹7-
745 1675 783 1681 -
807 1659 828 1690 5
851 1655 909 1689 Μι.
937 1666 985 1699 ι7Α
1013 1665 1126 1698 3—10.
1148 1674 1193 1681 —
1215 1659 1235 1691 6
1258 1656 1303 1689 111
1320 1656 1403 1700 Reg.
1430 1666 1548 1700 19,10.
1575 1675 1613 1681 —
1635 1659 1657 1691 8
1680 1656 1792 1690 Ioann.

459 1728 500 1735 —
522 1714 559 1744 ll
584 1710 686 1743 Exod.
712 1719 763 1744 ιο.
788 1729 828 1735 -
854 1713 894 1744 12
917 1710 1020 1744 Exod.
1048 1719 1096 1753 3²·
1122 1729 1161 1735 -
1188 1714 1226 1744 17
1250 1710 1352 1744 Exod.
1377 1719 1427 1750 20,
1452 1719 1503 1750 24.
1527 1719 1578 1752 25.

458 1772 1118 1818 νόμον-Ι-ᾰ).λ’1ιοΙᾰλῖεκαὶδοῐ2
1135 1774 1458 1819 πληροῖοΙγὰρ-ὶ-
1474 1770 1713 1820 3uehpv13
1729 1772 1793 1810 ἄνε

455 1833 486 1869 ÷
505 1833 614 1864 ταῦτα
638 1830 767 1873 depv
786 1831 792 1870 1
812 1823 990 1863 ἅπανταὶι
1009 1831 1015 1871 Ι
1034 1825 1113 1873 4ἦι
1130 1830 1266 1869 arande,
1282 1834 1390 1873 >ap
1410 1832 1415 1872 Ι
1435 1828 1518 1869 τοὺς
1533 1842 1641 1873 προφ.
1656 1834 1768 1874 >ap
1787 1832 1791 1873 1

452 1894 464 1915 ι
477 1888 518 1922 >
531 1883 585 1916 bh
597 1894 620 1916 o
639 1887 645 1924 Ι
665 1883 866 1926 νομοθέτης
880 1880 1103 1926 (νομοδώτης
1118 1886 1177 1926 o):
1190 1880 1210 1917 5
1223 1896 1252 1918 ν.
1266 1885 1286 1917 b
1298 1884 1319 1917 d
1331 1894 1349 1917 e
1362 1894 1383 1917 0
1397 1896 1416 1917 v
1436 1887 1441 1925 Ι
1461 1880 1574 1924 ὀμοῦε
1588 1882 1701 1925 νόμον
1713 1884 1735 1917 h
1747 1895 1769 1918 o
1787 1885 1791 1917 1

452 1950 520 1978 ριοι
539 1941 576 1977 -l-
597 1935 710 1973 αυτοῦ
729 1933 830 1976 ὄντες
853 1938 873 1970 b
889 1948 910 1971 ο
931 1939 936 1979 Ι
958 1941 997 1972 13
1021 1939 1125 1977 οὗτος
1143 1938 1183 1972 δέ
1207 1950 1215 1972 :
1238 1936 1302 1972 τὸν
1319 1935 1446 1979 νόμον·
1470 1940 1531 1972 καὶ
1549 1934 1568 1972 5
1586 1935 1693 1980 νόμος
1709 1939 1729 1971 b
1745 1949 1766 1972 0
1787 1942 1790 1981 Ι

452 1992 491 2024 ἰδ
509 1993 516 2034 Ι
536 1997 575 2026 14
591 1989 634 2025 ον
652 1992 686 2026 οὶ
702 1994 806 2034 uzol:
819 1986 931 2034 ὅνπερ
947 1992 966 2025 b
982 2002 1004 2026 0
1023 1995 1027 2033 Ι
1051 1996 1090 2026 15
1106 1991 1279 2035 ἐκφυγεῖν
1294 1993 1314 2025 b
1332 2003 1353 2025 o
1372 1994 1377 2034 Ι
1401 1995 1441 2027 16
1463 1987 1506 2027 οἱ
1500 1987 1579 2032 'eno
1594 2003 1615 2026 o
1635 1996 1640 2033 Ι
1661 1990 1794 2026 ἀκατά-

453 2057 468 2084 ς
488 2046 631 2086 boll?
657 2042 993 2089 δε>οΙποιήσης
1014 2046 1200 2079 ahoAn:
1216 2046 1791 2091 ποιῆςιεΙΙμοι>δοΙγῆςψ

453 2097 624 2142 Ιποιήσης
642 2099 663 2132 b
681 2110 700 2133 e
719 2110 740 2132 ο
760 2103 764 2134 !
783 2112 844 2141 μοι
864 2104 908 2138 >
925 2100 945 2132 b
962 2110 983 2133 ο
1003 2101 1007 2140 Ι
1031 2103 1070 2135 18
1086 2098 1174 2133 ἀλλὰ
1192 2111 1209 2133 a
1230 2104 1235 2140 Ι
1254 2098 1406 2162 ποιήσῃς
1423 2112 1441 2133 a
1458 2102 1534 2134 An:
1553 2104 1657 2145 ποιῆς
1672 2102 1718 2135 rel

452 2182 459 2208 t
480 2175 737 2209 subaudiendum
761 2185 836 2209 esse
860 2176 1018 2209 coniecit:
1085 2177 1247 2220 superflua
1270 2184 1302 2209 et
1332 2159 1430 2210 lectio
1452 2177 1526 2222 Syri
1549 2177 1712 2211 sufficiens
1735 2185 1795 2218 est,

453 2235 463 2262 t
489 2230 733 2263 necessitatem.
773 2229 920 2263 Corssen
944 2240 1018 2273 pro·
1085 2241 1183 2275 quare
1197 2230 1281 2264 hanc
1300 2230 1460 2275 praefero.
1484 2231 1535 2264 De
1552 2238 1663 2264 cetero
1680 2243 1795 2266 sensus

452 2285 549 2323 tltare,
571 2290 605 2316 et
629 2293 747 2317 vocem
770 2295 789 2317 a
813 2284 916 2318 verbo
937 2285 1019 2317 dixit
1085 2296 1152 2318 non
1168 2292 1218 2319 est
1233 2285 1357 2318 dubius.
1388 2287 1512 2319 Auctor
1527 2287 1671 2330 exponit,
1687 2286 1796 2319 Deum

455 2347 488 2370 re
520 2339 659 2372 censuit.
703 2337 785 2371 Mihi
826 2349 932 2382 neque
966 2337 1018 2372 illa
1085 2339 1208 2383 populo
1242 2350 1303 2372 suo
1332 2339 1488 2373 sacrificia
1522 2339 1695 2373 mandasse
1729 2350 1796 2372 non

452 2392 525 2425 tatio
549 2392 656 2436 placet
680 2402 787 2436 neque
804 2392 886 2425 haec
904 2402 1016 2426 emen·
1085 2393 1150 2427 iam
1167 2404 1209 2427 eo
1225 2399 1386 2437 tempore,
1402 2404 1467 2438 quo
1484 2393 1595 2437 legem
1607 2393 1704 2431 dedit,
1721 2403 1796 2426 cum

452 2456 480 2479 ιι
496 2446 579 2479 duae
595 2452 722 2479 tantum
741 2446 868 2479 litterae
885 2446 1016 2490 quidem
1083 2447 1122 2480 de
1146 2447 1237 2480 altari
1261 2454 1330 2480 tum
1353 2448 1484 2480 nonnisi
1501 2447 1722 2480 conditionate
1747 2447 1795 2479 lo·

454 2526 463 2539 ,
485 2501 535 2533 cui
559 2506 671 2533 autem
694 2505 867 2534 contextus
891 2501 1018 2540 obstat:
1082 2506 1244 2545 queretur,
1267 2500 1326 2534 sed
1347 2508 1461 2544 postea
1478 2500 1622 2540 demum,
1646 2511 1721 2534 cum
1738 2511 1795 2543 po·

453 2553 588 2587 :bulum
600 2555 715 2594 altare,
724 2555 752 2588 si
764 2554 906 2588 auctoris
919 2560 1017 2594 esset,
1083 2554 1177 2599 pulus
1186 2565 1262 2588 eum
1272 2555 1455 2599 reliquisset
1466 2554 1560 2599 eique
1570 2554 1693 2587 idolum
1703 2565 1795 2598 prae-

452 2618 469 2641 u
490 2608 593 2641 verbo
610 2614 751 2648 remoto,
774 2607 834 2641 sed
851 2619 926 2642 cum
941 2618 1018 2652 pro·
1083 2609 1255 2652 posuisset.
1535 2610 1548 2624 ⁸

452 2662 625 2696 :ccedente
640 2662 897 2696 construendum
919 2668 1017 2696 esset.
1127 2662 1199 2698 XX.
1233 2664 1289 2702 Τίς
1312 2659 1332 2696 5
1355 2660 1508 2704 φυσικὸς
1532 2659 1639 2701 νόμος
1661 2664 1721 2696 καὶ
1744 2665 1797 2702 τίς

452 2716 520 2750 saud
536 2716 634 2750 dubie
649 2722 833 2760 corruptus,
855 2726 917 2750 nec
939 2727 1018 2750 vero
1084 2712 1105 2750 5
1128 2715 1355 2758 ἐπείσακτος,
1379 2718 1441 2750 καὶ
1464 2714 1507 2750 δι’
1531 2712 1573 2759 ἣν
1594 2717 1714 2750 αἰτίαν
1736 2716 1796 2751 ἐπ-

452 2771 513 2804 »lici
524 2770 629 2804 modo
641 2771 816 2810 sanandus,
831 2771 890 2804 sed
902 2770 1019 2804 saltem
1085 2768 1249 2813 εισὴχθη.
1294 2771 1393 2808 Quae
1426 2771 1467 2804 sit
1498 2770 1550 2804 lex
1578 2771 1731 2804 naturalis
1765 2777 1797 2804 et

460 2825 537 2864 tale,
560 2824 655 2868 quale
671 2825 773 2869 Syrus
797 2824 939 2864 exhibet,
962 2824 1019 2857 ad·
1085 2834 1167 2868 quae
1182 2824 1364 2864 invecficia,
1381 2830 1413 2857 et
1429 2834 1526 2868 quam
1542 2825 1586 2859 ob
1600 2836 1732 2859 causam
1748 2825 1796 2857 in-

464 2885 526 2912 est.
549 2878 660 2912 Altera
676 2889 718 2912 ex
737 2884 828 2922 parte
841 2889 904 2912 vox
917 2879 1021 2911 altare
1085 2884 1178 2911 vecta
1191 2878 1297 2912 fuerit.
1311 2897 1351 2901 ——
1365 2878 1515 2912 Anastas.
1529 2878 1668 2917 Quaest.
1681 2878 1796 2911 XLVI.

1817 1067 1857 1098 10

1818 1391 1856 1422 15
