2457 3436
455 405 750 437 ons-mmmm
774 406 1041 437 APos'rOLom’m
1071 407 1120 441 vt,
1142 409 1196 445 25,
1219 408 1334 447 1—26,
1357 408 1387 440 2.
1579 398 1658 436 367

467 501 619 555 μεταξῦ
646 501 787 544 ἐθνῶν
816 499 941 552 ὄντας
957 501 1095 544 πάντα
1123 502 1175 544 τὰ
1202 506 1280 544 τοῦ
1300 503 1431 555 νόμου
1459 504 1660 545 ἐπιτελεῖν

452 566 610 618 γορεύει
636 566 716 619 γὰρ
744 563 884 616 αὐτοῖς
912 564 936 609 ὃ
964 571 1079 615 θεῖος
1108 571 1273 620 Μωσῆς.

452 631 649 684 Επόμενοι
677 627 754 674 οὖν
772 635 939 686 Χριστῷ
966 631 1041 681 τὰς
1063 631 1249 686 εὐλογίας
1276 631 1657 687 κληρονομήσωμεν,

452 696 644 750 ᾳοφὴταις
671 696 738 739 διὰ
765 701 841 739 τοῦ
874 696 1109 751 εὐαγγελίου
1142 697 1431 751 στοιχήσωμεν,
1465 697 1658 751 φύγωμεν

452 762 529 810 ὀυς
557 764 627 803 καὶ
654 761 751 810 τοὺς
775 762 1097 814 χριστοκτόνους
1124 764 1192 804 καὶ
1210 761 1559 822 κρἯτοφόντας
1586 764 1657 804 καὶ

452 827 571 878 ἱμους
608 829 677 869 καὶ
715 826 868 877 α’θὲους
908 827 1165 880 αἱρεσιιότας·
1235 840 1272 869 2.
1315 828 1658 880 ,πειθαρχήσωμεν

456 895 623 942 βασιλεῖ,
664 890 722 940 οὖς
761 894 948 944 ἐξουσίαν
982 894 1117 946 ἔχοντι
1153 895 1417 945 μετατιθέναι
1457 892 1658 943 διατάξεις

452 959 509 999 tal
545 957 680 1009 ἔχοντι
720 955 777 1006 ὥς
815 959 1022 1009 νομοθέτῃ
1063 961 1212 1009 σοφίαν
1250 963 1327 999 τοῦ
1365 957 1657 1016 &arduumve—2

453 1027 636 1075 ανταχοῦ
668 1027 758 1063 τῶν
793 1029 982 1074 φυσικῶν
1020 1022 1287 1074 ἀμεταθέτων
1321 1024 1654 1075 φυλασσομένων.

452 1084 660 1140 Ἀπέχεσθε
689 1103 765 1129 ουν
784 1087 1041 1140 αἱρεσιωτῶν
1067 1088 1253 1138 πάντων,
1282 1104 1318 1128 ω
1346 1090 1561 1130 ἐπίσκοποι
1588 1090 1657 1129 καὶ

460 1152 749 1205 φαυλιζόντων
776 1152 854 1194 τὸν
885 1152 1030 1205 Νόμον
1057 1156 1125 1194 καὶ
1153 1152 1251 1202 τοὺς
1279 1153 1510 1206 Προφήτας.
1566 1157 1657 1206 θεῷ

452 1217 576 1269 άτορι
594 1218 881 1271 ἐχθραίνοντες
909 1214 1140 1267 ἀπειθοῦσι,
1169 1220 1237 1258 καὶ
1257 1218 1439 1268 Χριστὸν
1459 1218 1533 1270 οὐχ
1558 1216 1655 1271 ὁμο-

453 1298 478 1323 ν
505 1287 628 1325 θεοῦ·
664 1282 888 1336 α’ρνοῦνται
916 1282 995 1336 γὰρ
1034 1284 1101 1324 καὶ
1129 1283 1204 1336 τὴν
1232 1283 1337 1325 κατὰ
1365 1283 1497 1335 σάρκα
1525 1281 1657 1326 αὐτοῦ

452 1363 472 1387 ν
490 1348 672 1399 σταυρὸν
692 1348 1018 1401 ἐπαισχύνονται,
1046 1348 1098 1389 τὸ
1115 1348 1253 1391 πάθος
1281 1350 1349 1390 καὶ
1369 1347 1445 1390 τὸν
1463 1348 1655 1391 θάνατον

453 1429 480 1454 ’ν
509 1410 731 1454 ἀνάστασιν
759 1411 966 1467 ἀγνοοῦσι,
1003 1413 1081 1467 τὴν
1108 1414 1191 1466 πρὸ
1217 1413 1384 1455 αἰώνων
1413 1412 1544 1455 αὐτοῦ
1570 1415 1656 1468 γέν-

452 1491 635 1520 πτουσιν.
676 1491 713 1520 2.
733 1481 841 1528 τινὲς
860 1480 903 1521 δὲ
921 1479 966 1530 ἐξ
984 1477 1125 1520 αὐτῶν
1144 1478 1292 1529 ἑτέρως
1309 1478 1510 1529 ἀσεβοῦσι,
1530 1480 1657 1530 ψιλὸν

452 1542 526 1584 ἷναι
545 1543 846 1596 φανταζόμενοι
873 1544 950 1585 τὸν
969 1543 1128 1595 κύριον,
1157 1544 1204 1585 ἐκ
1223 1548 1351 1596 ψυχῆς
1378 1546 1446 1586 καὶ
1467 1544 1657 1603 σώματος

460 1661 489 1692 2,
518 1660 567 1694 13.
595 1660 644 1692 14.

467 1749 488 1782 p
512 1750 533 1770 v
554 1740 558 1778 Ι
581 1740 715 1781 Μωσῆς
732 1741 768 1779 -Ι-
788 1739 852 1783 ,καὶ
875 1735 1132 1781 θυσιαστήριον
1150 1736 1220 1779 ἔξω
1239 1737 1458 1781 ὶερουσαλὴμ
1476 1738 1578 1772 ἱστᾶν
1594 1740 1657 1773 καὶ

474 1795 550 1826 τῶν
565 1787 662 1834 ὅρων
676 1795 738 1835 τῆς
753 1789 922 1827 Ἰουδαίας
944 1789 1209 1835 ἀναγινώσκειν
1231 1803 1249 1825 a
1273 1792 1313 1826 cf.
1331 1793 1406 1826 Am.
1424 1801 1454 1832 4,
1477 1802 1502 1835 5.
1526 1795 1531 1834 Ι
1549 1796 1569 1828 3
1593 1787 1658 1828 οὖν

454 1851 506 1884 εἷς
529 1850 564 1878 a²
589 1848 593 1887 Ι
621 1849 641 1881 5
663 1846 865 1886 πολυθὲους
887 1858 896 1880 :
918 1846 1116 1888 μιοοθέους
1139 1858 1158 1890 p
1184 1858 1203 1879 v
1236 1849 1240 1886 Ι
1271 1848 1332 1880 καὶ
1356 1857 1411 1880 sec
1438 1851 1474 1887 -Ι-
1501 1845 1583 1886 τοὺς
1605 1858 1623 1880 a
1649 1849 1654 1891 Ι

452 1912 460 1937 t
483 1911 500 1932 a
527 1912 546 1932 v
571 1912 579 1932 :
603 1898 755 1941 -φάντας
778 1900 823 1933 rel
854 1902 859 1941 Ι
891 1903 912 1935 6
934 1899 1017 1940 τοὺς
1038 1905 1082 1940 >
1105 1901 1127 1933 h
1156 1903 1159 1942 Ι
1190 1904 1209 1935 7
1235 1902 1379 1946 Χριστῷ
1402 1905 1447 1940 >
1470 1912 1489 1934 a
1517 1904 1522 1943 Ι
1547 1913 1657 1943 μετα-

452 1966 487 1987 αι
512 1954 532 1987 b
559 1954 565 1995 Ι
595 1957 615 1988 9
640 1951 834 1996 διαφόρους
855 1965 873 1987 a
902 1958 906 1997 Ι
936 1957 1008 1988 τῶν
1031 1967 1113 1996 φυσ.
1137 1957 1317 1996 πανταχοῦ
1340 1956 1360 1988 b
1383 1956 1402 1988 d
1427 1965 1445 1988 e
1474 1956 1478 1996 Ι
1504 1959 1656 1996 φυλασο.

469 2010 476 2049 Ι
507 2008 794 2050 φυλασσομένων
822 2019 830 2042 :
859 2012 1003 2050 φυλαττ.
1027 2020 1056 2049 a,
1094 2012 1130 2049 -Ι-
1159 2011 1298 2042 θυσιῶν
1328 2009 1347 2042 d
1378 2011 1384 2049 Ι
1418 2013 1457 2043 10
1481 2004 1509 2042 ω’
1532 2014 1576 2048 >
1601 2010 1623 2043 h
1648 2011 1652 2053 Ι

452 2059 672 2103 amaminor
695 2062 715 2094 d
732 2074 751 2105 p
769 2074 788 2095 v
808 2065 812 2104 Ι
835 2066 873 2096 17
898 2059 988 2097 εἶναι
1006 2074 1015 2096 :
1036 2068 1110 2106 post
1129 2065 1276 2104 φανταζ.
1291 2063 1312 2095 d
1328 2074 1357 2102 e,
1380 2068 1423 2102 >
1443 2074 1460 2096 a
1481 2065 1485 2105 Ι
1505 2062 1655 2107 κύριονε

452 2225 507 2247 um
531 2214 711 2257 perditores
734 2215 784 2257 (et
802 2215 875 2258 quid
943 2214 1068 2258 virgine
1086 2221 1199 2247 natum
1218 2213 1326 2248 fuisse.
1357 2214 1561 2249 Constitutor
1577 2226 1657 2250 vero

452 2278 501 2301 ses
542 2268 693 2308 sentiant,
730 2268 877 2302 similiter
942 2268 1113 2312 epistulam
1135 2267 1225 2300 inam
1248 2270 1470 2313 apocrypham
1488 2279 1555 2302 non
1574 2280 1654 2313 cog-

452 2328 473 2354 :t
498 2321 545 2354 lx
569 2328 600 2355 et
625 2322 655 2354 X
679 2323 809 2366 capite).
838 2341 873 2346 —
941 2322 1043 2355 nitam
1065 2321 1228 2362 habuisse,
1259 2322 1318 2354 sed
1345 2322 1427 2356 haec
1450 2324 1491 2355 de
1515 2334 1575 2356 suo
1598 2323 1654 2356 ad-

452 2375 503 2409 all.
528 2376 559 2416 6,
586 2386 613 2418 3.
636 2385 673 2416 4;
697 2375 819 2409 Philad.
844 2375 874 2416 6,
940 2376 1060 2409 didisse
1083 2376 1219 2415 videtur,
1245 2381 1278 2408 ut
1303 2375 1479 2413 Gnosticos
1504 2386 1561 2409 seu
1584 2375 1655 2409 Do-

941 2437 1029 2463 cetas
1051 2430 1269 2473 impugnaret.
1286 2448 1325 2455 —
1343 2427 1408 2472 τὴν
1425 2427 1494 2471 πρὸ
1513 2427 1656 2463 αἰώνων

458 2484 617 2526 dogmata
634 2483 873 2517 haereticorum
939 2481 1049 2519 αὐτοῦ
1064 2484 1231 2527 γέννησιν
1242 2484 1330 2527 xvh]
1341 2484 1430 2517 Haec
1444 2490 1555 2517 contra
1563 2483 1655 2517 Gno-

452 2538 533 2570 ›etit.
557 2536 760 2571 Constitutor
778 2538 873 2570 secti·
940 2538 1040 2572 sticos
1064 2538 1173 2571 dicere
1198 2538 1332 2578 videtur,
1367 2539 1439 2581 quia
1463 2538 1497 2570 hi
1521 2536 1654 2570 Christo

452 2601 468 2624 2
481 2601 542 2624 suo
558 2591 674 2624 iterum
687 2591 873 2635 amplificat,
939 2593 1023 2625 inter
1045 2602 1168 2625 aeones
1197 2591 1307 2625 locum
1330 2591 1521 2625 inferiorem
1550 2592 1656 2635 assig-

467 2654 508 2678 10
524 2645 610 2679 fecit.
629 2665 660 2670 —
684 2642 873 2689 ἀρνοῦνται
939 2647 1069 2680 nabant.

453 2699 527 2733 liter
549 2699 709 2733 Corinthii
740 2700 774 2733 in
805 2700 872 2743 epi-
984 2710 1013 2733 2.
1036 2699 1260 2734 Monarchiani
1281 2700 1524 2744 impugnantur,
1548 2700 1657 2743 primo

452 2764 465 2786 1
488 2763 584 2796 supra
608 2764 636 2787 c.
654 2754 683 2794 8,
707 2764 718 2788 1
745 2754 873 2787 laudata
939 2754 1110 2788 Ebionitae
1134 2764 1171 2786 ac
1187 2753 1382 2787 Theodotus
1407 2754 1540 2798 eiusque
1564 2763 1654 2786 asse-

477 2807 618 2841 Cleobio
641 2814 768 2852 praeter
790 2808 871 2841 alios
938 2808 1018 2848 clae,
1047 2808 1165 2841 deinde
1189 2807 1373 2841 Sabelliani.
1404 2827 1444 2831 —
1474 2806 1516 2842 ἐκ
1539 2810 1654 2851 ψυχῆς

453 2861 614 2894 tribuunt:
644 2862 753 2895 lesum
777 2861 869 2895 Chri—
938 2864 999 2895 καὶ
1018 2859 1198 2905 σώματος]
1222 2861 1311 2895 Haec
1335 2863 1433 2895 verba
1456 2862 1652 2895 sententiam

452 2915 551 2949 ndum
574 2926 704 2949 carnem
728 2926 746 2949 e
770 2916 871 2949 Maria
938 2917 1190 2960 praecedentem
1214 2916 1344 2960 quidem
1367 2916 1537 2949 illustrant.
1583 2914 1654 2952 Qui

1681 1095 1726 1126 10

1681 1420 1724 1451 tf>
