<?xml version="1.0" encoding="UTF-8"?>
<!DOCTYPE html PUBLIC "-//W3C//DTD XHTML 1.0 Transitional//EN"
    "http://www.w3.org/TR/xhtml1/DTD/xhtml1-transitional.dtd">
<html xmlns="http://www.w3.org/1999/xhtml" xml:lang="en" lang="en">
 <head>
  <title>
</title>
<meta http-equiv="Content-Type" content="text/html;charset=utf-8" />
  <meta name='ocr-system' content='tesseract 3.04.00' />
  <meta name='ocr-capabilities' content='ocr_page ocr_carea ocr_par ocr_line ocrx_word'/>
</head>
<body>
  <div class='ocr_page' id='page_1' title='image "./didascaliaetcon00funkgoog/didascaliaetcon00funkgoog_0796.png"; bbox 0 0 2457 3436; ppageno 0'>
   <div class='ocr_carea' id='block_1_1' title="bbox 726 364 1892 406">
    <p class='ocr_par' dir='ltr' id='par_1_1' title="bbox 726 364 1892 406">
     <span class='ocr_line' id='line_1_1' title="bbox 726 364 1892 406; baseline 0 -1"><span class='ocrx_word' id='word_1_1' title='bbox 726 376 1040 406; x_wconf 70' lang='lat' dir='ltr'>consuwmonzs</span> <span class='ocrx_word' id='word_1_2' title='bbox 1068 376 1270 406; x_wconf 70' lang='lat' dir='ltr'>accmsun</span> <span class='ocrx_word' id='word_1_3' title='bbox 1297 376 1562 406; x_wconf 68' lang='lat' dir='ltr'>Amwmcffl.</span> <span class='ocrx_word' id='word_1_4' title='bbox 1759 364 1892 405; x_wconf 88' lang='lat' dir='ltr'>XXIII</span> 
     </span>
    </p>
   </div>
   <div class='ocr_carea' id='block_1_2' title="bbox 382 471 1900 2736">
    <p class='ocr_par' dir='ltr' id='par_1_2' title="bbox 382 471 1899 2022">
     <span class='ocr_line' id='line_1_2' title="bbox 382 471 1892 527; baseline 0.001 -14"><span class='ocrx_word' id='word_1_5' title='bbox 382 471 495 513; x_wconf 86' lang='lat' dir='ltr'>liber</span> <span class='ocrx_word' id='word_1_6' title='bbox 525 473 644 514; x_wconf 88' lang='lat' dir='ltr'>etiam</span> <span class='ocrx_word' id='word_1_7' title='bbox 673 486 812 525; x_wconf 83' lang='lat' dir='ltr'>graece</span> <span class='ocrx_word' id='word_1_8' title='bbox 829 480 1004 514; x_wconf 86' lang='lat' dir='ltr'>servatus</span> <span class='ocrx_word' id='word_1_9' title='bbox 1023 472 1124 526; x_wconf 89' lang='lat' dir='ltr'>apud</span> <span class='ocrx_word' id='word_1_10' title='bbox 1145 472 1366 514; x_wconf 88' lang='lat' dir='ltr'>Germanos</span> <span class='ocrx_word' id='word_1_11' title='bbox 1386 472 1614 527; x_wconf 80' lang='lat' dir='ltr'>appellatur3</span> <span class='ocrx_word' id='word_1_12' title='bbox 1645 472 1738 514; x_wconf 85' lang='lat' dir='ltr'>liber</span> <span class='ocrx_word' id='word_1_13' title='bbox 1757 474 1892 514; x_wconf 87' lang='lat' dir='ltr'>tertius</span> 
     </span>
     <span class='ocr_line' id='line_1_3' title="bbox 389 536 1891 591; baseline 0 -13"><span class='ocrx_word' id='word_1_14' title='bbox 389 537 721 578; x_wconf 84' lang='lat' dir='ltr'>Constitutiones</span> <span class='ocrx_word' id='word_1_15' title='bbox 748 537 1018 590; x_wconf 87' lang='lat' dir='ltr'>apostolorum</span> <span class='ocrx_word' id='word_1_16' title='bbox 1040 537 1144 588; x_wconf 91' lang='lat' dir='ltr'>VIII,</span> <span class='ocrx_word' id='word_1_17' title='bbox 1169 549 1289 588; x_wconf 85' lang='lat'>1—-23</span> <span class='ocrx_word' id='word_1_18' title='bbox 1318 536 1413 578; x_wconf 87' lang='lat' dir='ltr'>liber</span> <span class='ocrx_word' id='word_1_19' title='bbox 1432 544 1589 591; x_wconf 88' lang='lat' dir='ltr'>quartus</span> <span class='ocrx_word' id='word_1_20' title='bbox 1610 537 1767 579; x_wconf 89' lang='lat' dir='ltr'>easdem</span> <span class='ocrx_word' id='word_1_21' title='bbox 1788 537 1891 587; x_wconf 92' lang='lat' dir='ltr'>VIII,</span> 
     </span>
     <span class='ocr_line' id='line_1_4' title="bbox 395 600 1892 657; baseline 0 -14"><span class='ocrx_word' id='word_1_22' title='bbox 395 613 536 654; x_wconf 85' lang='lat'><strong>3—27</strong></span> <span class='ocrx_word' id='word_1_23' title='bbox 572 600 684 643; x_wconf 86' lang='lat' dir='ltr'>valde</span> <span class='ocrx_word' id='word_1_24' title='bbox 718 601 951 653; x_wconf 81' lang='lat' dir='ltr'>decurtatas3</span> <span class='ocrx_word' id='word_1_25' title='bbox 985 603 1143 657; x_wconf 88' lang='lat' dir='ltr'>quintus</span> <span class='ocrx_word' id='word_1_26' title='bbox 1178 601 1334 643; x_wconf 90' lang='lat' dir='ltr'>easdem</span> <span class='ocrx_word' id='word_1_27' title='bbox 1371 601 1474 652; x_wconf 91' lang='lat' dir='ltr'>VIII,</span> <span class='ocrx_word' id='word_1_28' title='bbox 1510 603 1580 653; x_wconf 90' lang='lat'>28;</span> <span class='ocrx_word' id='word_1_29' title='bbox 1619 615 1686 655; x_wconf 88' lang='lat' dir='ltr'>3o;</span> <span class='ocrx_word' id='word_1_30' title='bbox 1724 615 1793 655; x_wconf 88' lang='lat'>31;</span> <span class='ocrx_word' id='word_1_31' title='bbox 1831 614 1892 655; x_wconf 87' lang='lat'>32,</span> 
     </span>
     <span class='ocr_line' id='line_1_5' title="bbox 401 666 1893 720; baseline 0 -13"><span class='ocrx_word' id='word_1_32' title='bbox 401 667 584 719; x_wconf 86' lang='lat'>18—19;</span> <span class='ocrx_word' id='word_1_33' title='bbox 617 679 794 720; x_wconf 81' lang='lat'>33—34;</span> <span class='ocrx_word' id='word_1_34' title='bbox 822 669 1002 719; x_wconf 85' lang='lat'><strong>42—46;</strong></span> <span class='ocrx_word' id='word_1_35' title='bbox 1031 675 1162 709; x_wconf 86' lang='lat' dir='ltr'>sextus</span> <span class='ocrx_word' id='word_1_36' title='bbox 1190 666 1346 708; x_wconf 89' lang='lat' dir='ltr'>easdem</span> <span class='ocrx_word' id='word_1_37' title='bbox 1377 667 1480 716; x_wconf 86' lang='lat' dir='ltr'>VIII,</span> <span class='ocrx_word' id='word_1_38' title='bbox 1512 679 1575 720; x_wconf 86' lang='lat'>32,</span> <span class='ocrx_word' id='word_1_39' title='bbox 1601 680 1747 720; x_wconf 89' lang='lat'>1—17;</span> <span class='ocrx_word' id='word_1_40' title='bbox 1777 668 1893 720; x_wconf 87' lang='lat' dir='ltr'>septi-</span> 
     </span>
     <span class='ocr_line' id='line_1_6' title="bbox 397 731 1893 786; baseline -0.001 -13"><span class='ocrx_word' id='word_1_41' title='bbox 397 745 492 773; x_wconf 87' lang='lat' dir='ltr'>mus</span> <span class='ocrx_word' id='word_1_42' title='bbox 521 731 711 773; x_wconf 88' lang='lat' dir='ltr'>Canones</span> <span class='ocrx_word' id='word_1_43' title='bbox 738 732 1021 786; x_wconf 80' lang='lat' dir='ltr'>apostolorum.</span> <span class='ocrx_word' id='word_1_44' title='bbox 1077 731 1191 773; x_wconf 86' lang='lat' dir='ltr'>Liber</span> <span class='ocrx_word' id='word_1_45' title='bbox 1220 732 1367 786; x_wconf 86' lang='lat' dir='ltr'>primus</span> <span class='ocrx_word' id='word_1_46' title='bbox 1397 732 1514 773; x_wconf 86' lang='lat' dir='ltr'>etiam</span> <span class='ocrx_word' id='word_1_47' title='bbox 1544 731 1739 773; x_wconf 88' lang='lat' dir='ltr'>secundus</span> <span class='ocrx_word' id='word_1_48' title='bbox 1767 731 1893 784; x_wconf 86' lang='lat' dir='ltr'>desig-</span> 
     </span>
     <span class='ocr_line' id='line_1_7' title="bbox 398 796 1893 850; baseline 0 -13"><span class='ocrx_word' id='word_1_49' title='bbox 398 803 529 847; x_wconf 83' lang='lat' dir='ltr'>natur,</span> <span class='ocrx_word' id='word_1_50' title='bbox 559 796 753 838; x_wconf 89' lang='lat' dir='ltr'>secundus</span> <span class='ocrx_word' id='word_1_51' title='bbox 781 797 917 839; x_wconf 87' lang='lat' dir='ltr'>tertius</span> <span class='ocrx_word' id='word_1_52' title='bbox 947 804 1034 847; x_wconf 71' lang='lat' dir='ltr'>etc„</span> <span class='ocrx_word' id='word_1_53' title='bbox 1064 798 1116 838; x_wconf 89' lang='lat' dir='ltr'>ita</span> <span class='ocrx_word' id='word_1_54' title='bbox 1144 804 1186 839; x_wconf 89' lang='lat' dir='ltr'>ut</span> <span class='ocrx_word' id='word_1_55' title='bbox 1207 810 1306 850; x_wconf 88' lang='lat' dir='ltr'>opus</span> <span class='ocrx_word' id='word_1_56' title='bbox 1334 796 1453 837; x_wconf 87' lang='lat' dir='ltr'>libros</span> <span class='ocrx_word' id='word_1_57' title='bbox 1474 804 1567 838; x_wconf 89' lang='lat' dir='ltr'>octo</span> <span class='ocrx_word' id='word_1_58' title='bbox 1587 796 1769 850; x_wconf 86' lang='lat' dir='ltr'><strong>amplecti</strong></span> <span class='ocrx_word' id='word_1_59' title='bbox 1788 796 1893 837; x_wconf 88' lang='lat' dir='ltr'>vide-</span> 
     </span>
     <span class='ocr_line' id='line_1_8' title="bbox 400 861 1893 916; baseline -0.001 -13"><span class='ocrx_word' id='word_1_60' title='bbox 400 868 501 902; x_wconf 86' lang='lat' dir='ltr'><strong>atur.</strong></span> <span class='ocrx_word' id='word_1_61' title='bbox 559 861 713 912; x_wconf 82' lang='lat' dir='ltr'>Codex,</span> <span class='ocrx_word' id='word_1_62' title='bbox 747 874 827 916; x_wconf 89' lang='lat' dir='ltr'>quo</span> <span class='ocrx_word' id='word_1_63' title='bbox 861 861 1019 903; x_wconf 87' lang='lat' dir='ltr'>Tattam</span> <span class='ocrx_word' id='word_1_64' title='bbox 1055 876 1146 903; x_wconf 92' lang='lat' dir='ltr'>usus</span> <span class='ocrx_word' id='word_1_65' title='bbox 1182 869 1253 910; x_wconf 90' lang='lat' dir='ltr'>est,</span> <span class='ocrx_word' id='word_1_66' title='bbox 1290 876 1396 903; x_wconf 88' lang='lat' dir='ltr'>anno</span> <span class='ocrx_word' id='word_1_67' title='bbox 1430 861 1665 903; x_wconf 84' lang='lat' dir='ltr'>Diocletiani</span> <span class='ocrx_word' id='word_1_68' title='bbox 1706 874 1807 915; x_wconf 84' lang='lat'>1520</span> <span class='ocrx_word' id='word_1_69' title='bbox 1841 879 1893 896; x_wconf 90' lang='lat'>=</span> 
     </span>
     <span class='ocr_line' id='line_1_9' title="bbox 406 926 1894 980; baseline -0.001 -12"><span class='ocrx_word' id='word_1_70' title='bbox 406 928 508 979; x_wconf 79' lang='lat'>1804</span> <span class='ocrx_word' id='word_1_71' title='bbox 542 926 636 968; x_wconf 88' lang='lat' dir='ltr'><strong>Chr.</strong></span> <span class='ocrx_word' id='word_1_72' title='bbox 664 926 794 980; x_wconf 85' lang='lat' dir='ltr'>lingua</span> <span class='ocrx_word' id='word_1_73' title='bbox 823 926 1019 968; x_wconf 87' lang='lat' dir='ltr'>boheirica</span> <span class='ocrx_word' id='word_1_74' title='bbox 1048 926 1108 967; x_wconf 90' lang='lat' dir='ltr'>vel</span> <span class='ocrx_word' id='word_1_75' title='bbox 1137 927 1388 980; x_wconf 85' lang='lat' dir='ltr'>memphitica</span> <span class='ocrx_word' id='word_1_76' title='bbox 1417 934 1591 968; x_wconf 86' lang='lat' dir='ltr'>exaratus</span> <span class='ocrx_word' id='word_1_77' title='bbox 1621 934 1692 977; x_wconf 90' lang='lat' dir='ltr'>est,</span> <span class='ocrx_word' id='word_1_78' title='bbox 1722 934 1760 967; x_wconf 88' lang='lat' dir='ltr'>et</span> <span class='ocrx_word' id='word_1_79' title='bbox 1789 940 1894 967; x_wconf 89' lang='lat' dir='ltr'>nunc</span> 
     </span>
     <span class='ocr_line' id='line_1_10' title="bbox 402 989 1893 1046; baseline -0.001 -14"><span class='ocrx_word' id='word_1_80' title='bbox 402 992 442 1032; x_wconf 90' lang='lat' dir='ltr'>in</span> <span class='ocrx_word' id='word_1_81' title='bbox 468 991 711 1033; x_wconf 83' lang='lat' dir='ltr'>Bibliotheca</span> <span class='ocrx_word' id='word_1_82' title='bbox 729 991 970 1033; x_wconf 87' lang='lat' dir='ltr'>Berolinensi</span> <span class='ocrx_word' id='word_1_83' title='bbox 991 991 1168 1046; x_wconf 87' lang='lat' dir='ltr'>(Orient.</span> <span class='ocrx_word' id='word_1_84' title='bbox 1192 991 1291 1045; x_wconf 83' lang='lat'>519)</span> <span class='ocrx_word' id='word_1_85' title='bbox 1312 998 1538 1033; x_wconf 87' lang='lat' dir='ltr'>asservatur.</span> <span class='ocrx_word' id='word_1_86' title='bbox 1587 991 1728 1032; x_wconf 88' lang='lat' dir='ltr'>Versio</span> <span class='ocrx_word' id='word_1_87' title='bbox 1757 989 1893 1032; x_wconf 88' lang='lat' dir='ltr'>codice</span> 
     </span>
     <span class='ocr_line' id='line_1_11' title="bbox 400 1056 1892 1105; baseline -0.001 -7"><span class='ocrx_word' id='word_1_88' title='bbox 400 1063 573 1098; x_wconf 65' lang='lat' dir='ltr'>testante</span> <span class='ocrx_word' id='word_1_89' title='bbox 602 1071 625 1097; x_wconf 88' lang='lat' dir='ltr'>e</span> <span class='ocrx_word' id='word_1_90' title='bbox 652 1056 750 1098; x_wconf 91' lang='lat' dir='ltr'>libro</span> <span class='ocrx_word' id='word_1_91' title='bbox 779 1056 953 1098; x_wconf 87' lang='lat' dir='ltr'>sahidico</span> <span class='ocrx_word' id='word_1_92' title='bbox 982 1056 1043 1098; x_wconf 86' lang='lat' dir='ltr'>vel</span> <span class='ocrx_word' id='word_1_93' title='bbox 1071 1056 1242 1098; x_wconf 90' lang='lat' dir='ltr'>thebano</span> <span class='ocrx_word' id='word_1_94' title='bbox 1272 1056 1395 1105; x_wconf 87' lang='lat' dir='ltr'>fluxit,</span> <span class='ocrx_word' id='word_1_95' title='bbox 1425 1063 1463 1097; x_wconf 90' lang='lat' dir='ltr'>et</span> <span class='ocrx_word' id='word_1_96' title='bbox 1491 1056 1649 1098; x_wconf 84' lang='lat' dir='ltr'>Tattam</span> <span class='ocrx_word' id='word_1_97' title='bbox 1679 1057 1796 1097; x_wconf 89' lang='lat' dir='ltr'>etiam</span> <span class='ocrx_word' id='word_1_98' title='bbox 1826 1069 1892 1096; x_wconf 92' lang='lat' dir='ltr'>co-</span> 
     </span>
     <span class='ocr_line' id='line_1_12' title="bbox 404 1120 1894 1176; baseline -0.001 -14"><span class='ocrx_word' id='word_1_99' title='bbox 404 1121 533 1163; x_wconf 84' lang='lat' dir='ltr'>dicem</span> <span class='ocrx_word' id='word_1_100' title='bbox 564 1120 779 1162; x_wconf 88' lang='lat' dir='ltr'>sahidicum</span> <span class='ocrx_word' id='word_1_101' title='bbox 808 1120 991 1162; x_wconf 85' lang='lat' dir='ltr'>adhibere</span> <span class='ocrx_word' id='word_1_102' title='bbox 1012 1122 1152 1175; x_wconf 88' lang='lat' dir='ltr'>potuit,</span> <span class='ocrx_word' id='word_1_103' title='bbox 1181 1122 1246 1176; x_wconf 91' lang='lat' dir='ltr'>qui</span> <span class='ocrx_word' id='word_1_104' title='bbox 1266 1122 1348 1175; x_wconf 86' lang='lat' dir='ltr'>ipse</span> <span class='ocrx_word' id='word_1_105' title='bbox 1367 1122 1658 1162; x_wconf 87' lang='lat' dir='ltr'>recentissimus</span> <span class='ocrx_word' id='word_1_106' title='bbox 1678 1128 1718 1163; x_wconf 92' lang='lat' dir='ltr'>et</span> <span class='ocrx_word' id='word_1_107' title='bbox 1735 1121 1894 1175; x_wconf 85' lang='lat' dir='ltr'><strong>insuper</strong></span> 
     </span>
     <span class='ocr_line' id='line_1_13' title="bbox 403 1185 1894 1240; baseline -0.001 -13"><span class='ocrx_word' id='word_1_108' title='bbox 403 1186 564 1228; x_wconf 89' lang='lat' dir='ltr'>mutilus</span> <span class='ocrx_word' id='word_1_109' title='bbox 594 1200 698 1227; x_wconf 89' lang='lat' dir='ltr'>nunc</span> <span class='ocrx_word' id='word_1_110' title='bbox 717 1186 844 1227; x_wconf 88' lang='lat' dir='ltr'>Musei</span> <span class='ocrx_word' id='word_1_111' title='bbox 864 1186 1066 1228; x_wconf 85' lang='lat' dir='ltr'>britannici</span> <span class='ocrx_word' id='word_1_112' title='bbox 1086 1193 1146 1228; x_wconf 88' lang='lat' dir='ltr'>est</span> <span class='ocrx_word' id='word_1_113' title='bbox 1166 1185 1343 1240; x_wconf 90' lang='lat' dir='ltr'>(Orient.</span> <span class='ocrx_word' id='word_1_114' title='bbox 1364 1185 1480 1239; x_wconf 80' lang='lat'>440).</span> <span class='ocrx_word' id='word_1_115' title='bbox 1528 1185 1765 1239; x_wconf 89' lang='lat' dir='ltr'>Nuperrime</span> <span class='ocrx_word' id='word_1_116' title='bbox 1785 1185 1894 1227; x_wconf 89' lang='lat' dir='ltr'>deni-</span> 
     </span>
     <span class='ocr_line' id='line_1_14' title="bbox 403 1249 1894 1306; baseline -0.001 -13"><span class='ocrx_word' id='word_1_117' title='bbox 403 1265 481 1306; x_wconf 89' lang='lat' dir='ltr'>que</span> <span class='ocrx_word' id='word_1_118' title='bbox 507 1250 607 1292; x_wconf 89' lang='lat' dir='ltr'>liber</span> <span class='ocrx_word' id='word_1_119' title='bbox 633 1251 814 1293; x_wconf 88' lang='lat' dir='ltr'>inventus</span> <span class='ocrx_word' id='word_1_120' title='bbox 843 1258 914 1301; x_wconf 88' lang='lat' dir='ltr'>est,</span> <span class='ocrx_word' id='word_1_121' title='bbox 944 1265 964 1292; x_wconf 90' lang='lat' dir='ltr'>e</span> <span class='ocrx_word' id='word_1_122' title='bbox 993 1265 1073 1306; x_wconf 90' lang='lat' dir='ltr'>quo</span> <span class='ocrx_word' id='word_1_123' title='bbox 1102 1251 1165 1292; x_wconf 87' lang='lat' dir='ltr'>ille</span> <span class='ocrx_word' id='word_1_124' title='bbox 1185 1251 1310 1292; x_wconf 87' lang='lat' dir='ltr'>codex</span> <span class='ocrx_word' id='word_1_125' title='bbox 1329 1250 1521 1292; x_wconf 88' lang='lat' dir='ltr'>sahidicus</span> <span class='ocrx_word' id='word_1_126' title='bbox 1550 1251 1745 1304; x_wconf 87' lang='lat' dir='ltr'>originem</span> <span class='ocrx_word' id='word_1_127' title='bbox 1767 1249 1894 1291; x_wconf 81' lang='lat' dir='ltr'>habet.</span> 
     </span>
     <span class='ocr_line' id='line_1_15' title="bbox 405 1314 1894 1369; baseline -0.001 -11"><span class='ocrx_word' id='word_1_128' title='bbox 405 1314 625 1358; x_wconf 86' lang='lat' dir='ltr'>Confectus</span> <span class='ocrx_word' id='word_1_129' title='bbox 652 1329 759 1357; x_wconf 87' lang='lat' dir='ltr'>anno</span> <span class='ocrx_word' id='word_1_130' title='bbox 789 1315 917 1357; x_wconf 91' lang='lat' dir='ltr'>Diocl.</span> <span class='ocrx_word' id='word_1_131' title='bbox 948 1328 1026 1369; x_wconf 86' lang='lat'>722</span> <span class='ocrx_word' id='word_1_132' title='bbox 1047 1335 1098 1350; x_wconf 94' lang='lat'>=</span> <span class='ocrx_word' id='word_1_133' title='bbox 1130 1317 1229 1357; x_wconf 89' lang='lat'>1006</span> <span class='ocrx_word' id='word_1_134' title='bbox 1257 1315 1350 1357; x_wconf 86' lang='lat' dir='ltr'>Chr.</span> <span class='ocrx_word' id='word_1_135' title='bbox 1381 1323 1420 1357; x_wconf 87' lang='lat' dir='ltr'>et</span> <span class='ocrx_word' id='word_1_136' title='bbox 1448 1317 1485 1356; x_wconf 89' lang='lat' dir='ltr'>in</span> <span class='ocrx_word' id='word_1_137' title='bbox 1508 1316 1650 1356; x_wconf 89' lang='lat' dir='ltr'>Museo</span> <span class='ocrx_word' id='word_1_138' title='bbox 1679 1316 1894 1357; x_wconf 84' lang='lat' dir='ltr'>britannico</span> 
     </span>
     <span class='ocr_line' id='line_1_16' title="bbox 405 1379 1896 1435; baseline -0.001 -13"><span class='ocrx_word' id='word_1_139' title='bbox 405 1395 511 1422; x_wconf 89' lang='lat' dir='ltr'>nunc</span> <span class='ocrx_word' id='word_1_140' title='bbox 545 1388 763 1423; x_wconf 84' lang='lat' dir='ltr'>asservatus</span> <span class='ocrx_word' id='word_1_141' title='bbox 799 1380 976 1435; x_wconf 90' lang='lat' dir='ltr'>(Orient.</span> <span class='ocrx_word' id='word_1_142' title='bbox 1017 1380 1140 1435; x_wconf 86' lang='lat'>1320)</span> <span class='ocrx_word' id='word_1_143' title='bbox 1176 1382 1403 1435; x_wconf 82' lang='lat' dir='ltr'>scripturam</span> <span class='ocrx_word' id='word_1_144' title='bbox 1439 1382 1519 1422; x_wconf 81' lang='lat' dir='ltr'>tere</span> <span class='ocrx_word' id='word_1_145' title='bbox 1554 1382 1744 1434; x_wconf 86' lang='lat' dir='ltr'>integram</span> <span class='ocrx_word' id='word_1_146' title='bbox 1781 1379 1896 1422; x_wconf 86' lang='lat' dir='ltr'>tradit</span> 
     </span>
     <span class='ocr_line' id='line_1_17' title="bbox 405 1444 1894 1501; baseline -0.001 -14"><span class='ocrx_word' id='word_1_147' title='bbox 405 1445 554 1500; x_wconf 90' lang='lat' dir='ltr'>(modo</span> <span class='ocrx_word' id='word_1_148' title='bbox 574 1444 656 1487; x_wconf 92' lang='lat' dir='ltr'>duo</span> <span class='ocrx_word' id='word_1_149' title='bbox 675 1444 768 1487; x_wconf 87' lang='lat' dir='ltr'>folia</span> <span class='ocrx_word' id='word_1_150' title='bbox 787 1446 1033 1500; x_wconf 87' lang='lat' dir='ltr'>exciderunt)</span> <span class='ocrx_word' id='word_1_151' title='bbox 1055 1460 1219 1501; x_wconf 87' lang='lat' dir='ltr'>eamque</span> <span class='ocrx_word' id='word_1_152' title='bbox 1238 1447 1278 1487; x_wconf 91' lang='lat' dir='ltr'>in</span> <span class='ocrx_word' id='word_1_153' title='bbox 1299 1445 1399 1487; x_wconf 90' lang='lat' dir='ltr'>duos</span> <span class='ocrx_word' id='word_1_154' title='bbox 1419 1445 1537 1487; x_wconf 87' lang='lat' dir='ltr'>libros</span> <span class='ocrx_word' id='word_1_155' title='bbox 1558 1445 1706 1494; x_wconf 89' lang='lat' dir='ltr'>dividit,</span> <span class='ocrx_word' id='word_1_156' title='bbox 1725 1458 1894 1499; x_wconf 88' lang='lat' dir='ltr'>quorum</span> 
     </span>
     <span class='ocr_line' id='line_1_18' title="bbox 405 1509 1894 1566; baseline -0.001 -14"><span class='ocrx_word' id='word_1_157' title='bbox 405 1511 556 1566; x_wconf 86' lang='lat' dir='ltr'>primus</span> <span class='ocrx_word' id='word_1_158' title='bbox 591 1511 778 1553; x_wconf 88' lang='lat' dir='ltr'>Canones</span> <span class='ocrx_word' id='word_1_159' title='bbox 812 1511 1081 1565; x_wconf 86' lang='lat' dir='ltr'>apostolorum</span> <span class='ocrx_word' id='word_1_160' title='bbox 1119 1525 1286 1552; x_wconf 88' lang='lat' dir='ltr'>numero</span> <span class='ocrx_word' id='word_1_161' title='bbox 1320 1510 1464 1561; x_wconf 89' lang='lat' dir='ltr'>LXXI,</span> <span class='ocrx_word' id='word_1_162' title='bbox 1503 1510 1697 1552; x_wconf 90' lang='lat' dir='ltr'>secundus</span> <span class='ocrx_word' id='word_1_163' title='bbox 1736 1509 1894 1551; x_wconf 88' lang='lat' dir='ltr'>alteram</span> 
     </span>
     <span class='ocr_line' id='line_1_19' title="bbox 403 1574 1895 1630; baseline -0.002 -12"><span class='ocrx_word' id='word_1_164' title='bbox 403 1576 618 1630; x_wconf 82' lang='lat' dir='ltr'>scripturae</span> <span class='ocrx_word' id='word_1_165' title='bbox 644 1584 794 1630; x_wconf 87' lang='lat' dir='ltr'>partem</span> <span class='ocrx_word' id='word_1_166' title='bbox 823 1576 885 1618; x_wconf 90' lang='lat' dir='ltr'>vel</span> <span class='ocrx_word' id='word_1_167' title='bbox 916 1576 1101 1618; x_wconf 89' lang='lat' dir='ltr'>Canones</span> <span class='ocrx_word' id='word_1_168' title='bbox 1137 1576 1417 1618; x_wconf 88' lang='lat' dir='ltr'>ecclesiasticos</span> <span class='ocrx_word' id='word_1_169' title='bbox 1452 1589 1621 1616; x_wconf 89' lang='lat' dir='ltr'>numero</span> <span class='ocrx_word' id='word_1_170' title='bbox 1649 1574 1816 1616; x_wconf 90' lang='lat' dir='ltr'>LXVIII</span> <span class='ocrx_word' id='word_1_171' title='bbox 1844 1593 1895 1609; x_wconf 93' lang='lat'>=</span> 
     </span>
     <span class='ocr_line' id='line_1_20' title="bbox 403 1639 1895 1694; baseline -0.002 -11"><span class='ocrx_word' id='word_1_172' title='bbox 403 1641 525 1683; x_wconf 88' lang='lat' dir='ltr'>libros</span> <span class='ocrx_word' id='word_1_173' title='bbox 554 1641 683 1683; x_wconf 88' lang='lat' dir='ltr'>1-v1</span> <span class='ocrx_word' id='word_1_174' title='bbox 712 1641 894 1683; x_wconf 89' lang='lat' dir='ltr'>editionis</span> <span class='ocrx_word' id='word_1_175' title='bbox 922 1641 1192 1683; x_wconf 88' lang='lat' dir='ltr'>Tattamianae</span> <span class='ocrx_word' id='word_1_176' title='bbox 1222 1641 1410 1682; x_wconf 85' lang='lat' dir='ltr'>continet.</span> <span class='ocrx_word' id='word_1_177' title='bbox 1464 1639 1639 1694; x_wconf 85' lang='lat' dir='ltr'>Lagarde</span> <span class='ocrx_word' id='word_1_178' title='bbox 1668 1641 1895 1694; x_wconf 85' lang='lat' dir='ltr'>scripturam</span> 
     </span>
     <span class='ocr_line' id='line_1_21' title="bbox 407 1704 1895 1760; baseline -0.001 -12"><span class='ocrx_word' id='word_1_179' title='bbox 407 1721 455 1748; x_wconf 87' lang='lat' dir='ltr'>ex</span> <span class='ocrx_word' id='word_1_180' title='bbox 482 1707 561 1748; x_wconf 92' lang='lat' dir='ltr'>hoc</span> <span class='ocrx_word' id='word_1_181' title='bbox 590 1705 727 1748; x_wconf 87' lang='lat' dir='ltr'>codice</span> <span class='ocrx_word' id='word_1_182' title='bbox 755 1720 788 1747; x_wconf 91' lang='lat' dir='ltr'>a.</span> <span class='ocrx_word' id='word_1_183' title='bbox 823 1707 921 1760; x_wconf 87' lang='lat'>1883</span> <span class='ocrx_word' id='word_1_184' title='bbox 953 1707 992 1747; x_wconf 89' lang='lat' dir='ltr'>in</span> <span class='ocrx_word' id='word_1_185' title='bbox 1023 1705 1119 1747; x_wconf 91' lang='lat' dir='ltr'>libro</span> <span class='ocrx_word' id='word_1_186' title='bbox 1149 1705 1368 1760; x_wconf 86' lang='lat' dir='ltr'>publicavit,</span> <span class='ocrx_word' id='word_1_187' title='bbox 1398 1706 1463 1760; x_wconf 89' lang='lat' dir='ltr'>qui</span> <span class='ocrx_word' id='word_1_188' title='bbox 1492 1704 1710 1747; x_wconf 85' lang='lat' dir='ltr'>inscribitur</span> <span class='ocrx_word' id='word_1_189' title='bbox 1739 1705 1895 1759; x_wconf 85' lang='lat' dir='ltr'>Aegyp-</span> 
     </span>
     <span class='ocr_line' id='line_1_22' title="bbox 404 1769 1897 1825; baseline -0.002 -12"><span class='ocrx_word' id='word_1_190' title='bbox 404 1773 518 1823; x_wconf 87' lang='lat' dir='ltr'>tiaca,</span> <span class='ocrx_word' id='word_1_191' title='bbox 545 1770 597 1813; x_wconf 88' lang='lat' dir='ltr'>ad</span> <span class='ocrx_word' id='word_1_192' title='bbox 624 1771 802 1813; x_wconf 86' lang='lat' dir='ltr'>lacunam</span> <span class='ocrx_word' id='word_1_193' title='bbox 833 1770 1064 1825; x_wconf 82' lang='lat' dir='ltr'>explendam</span> <span class='ocrx_word' id='word_1_194' title='bbox 1095 1770 1273 1812; x_wconf 88' lang='lat' dir='ltr'>codicem</span> <span class='ocrx_word' id='word_1_195' title='bbox 1303 1770 1517 1812; x_wconf 88' lang='lat' dir='ltr'>sahidicum</span> <span class='ocrx_word' id='word_1_196' title='bbox 1542 1771 1802 1812; x_wconf 86' lang='lat' dir='ltr'>recentiorem</span> <span class='ocrx_word' id='word_1_197' title='bbox 1832 1769 1897 1810; x_wconf 89' lang='lat' dir='ltr'>ad-</span> 
     </span>
     <span class='ocr_line' id='line_1_23' title="bbox 406 1834 1896 1891; baseline -0.002 -13"><span class='ocrx_word' id='word_1_198' title='bbox 406 1836 559 1878; x_wconf 90' lang='lat' dir='ltr'>hibens.</span> <span class='ocrx_word' id='word_1_199' title='bbox 607 1836 788 1891; x_wconf 84' lang='lat' dir='ltr'>Denique</span> <span class='ocrx_word' id='word_1_200' title='bbox 807 1836 994 1878; x_wconf 87' lang='lat' dir='ltr'>Bouriant</span> <span class='ocrx_word' id='word_1_201' title='bbox 1023 1835 1161 1877; x_wconf 88' lang='lat' dir='ltr'>librum</span> <span class='ocrx_word' id='word_1_202' title='bbox 1184 1850 1205 1876; x_wconf 93' lang='lat' dir='ltr'>e</span> <span class='ocrx_word' id='word_1_203' title='bbox 1225 1835 1361 1876; x_wconf 89' lang='lat' dir='ltr'>codice</span> <span class='ocrx_word' id='word_1_204' title='bbox 1381 1834 1637 1876; x_wconf 88' lang='lat' dir='ltr'>bibliothecae</span> <span class='ocrx_word' id='word_1_205' title='bbox 1660 1835 1896 1890; x_wconf 88' lang='lat' dir='ltr'>patriarchae</span> 
     </span>
     <span class='ocr_line' id='line_1_24' title="bbox 406 1899 1899 1944; baseline -0.003 0"><span class='ocrx_word' id='word_1_206' title='bbox 406 1901 666 1944; x_wconf 82' lang='lat' dir='ltr'>Iacobitarum</span> <span class='ocrx_word' id='word_1_207' title='bbox 702 1901 899 1943; x_wconf 87' lang='lat' dir='ltr'>Cairensis</span> <span class='ocrx_word' id='word_1_208' title='bbox 933 1901 1202 1942; x_wconf 86' lang='lat' dir='ltr'>recentissime</span> <span class='ocrx_word' id='word_1_209' title='bbox 1237 1900 1356 1942; x_wconf 88' lang='lat' dir='ltr'>edidit</span> <span class='ocrx_word' id='word_1_210' title='bbox 1394 1901 1433 1941; x_wconf 89' lang='lat' dir='ltr'>in</span> <span class='ocrx_word' id='word_1_211' title='bbox 1469 1899 1617 1943; x_wconf 83' lang='lat' dir='ltr'>Recueil</span> <span class='ocrx_word' id='word_1_212' title='bbox 1651 1900 1695 1940; x_wconf 82' lang='lat' dir='ltr'>de</span> <span class='ocrx_word' id='word_1_213' title='bbox 1732 1907 1899 1940; x_wconf 86' lang='lat' dir='ltr'>travaux</span> 
     </span>
     <span class='ocr_line' id='line_1_25' title="bbox 407 1965 1484 2022; baseline -0.001 -15"><span class='ocrx_word' id='word_1_214' title='bbox 407 1967 558 2022; x_wconf 77' lang='lat' dir='ltr'>re&#39;lanss</span> <span class='ocrx_word' id='word_1_215' title='bbox 586 1969 613 2007; x_wconf 82' lang='grc' dir='ltr'><em>ὰ</em></span> <span class='ocrx_word' id='word_1_216' title='bbox 641 1966 682 2007; x_wconf 90' lang='lat' dir='ltr'>la</span> <span class='ocrx_word' id='word_1_217' title='bbox 701 1965 905 2021; x_wconf 81' lang='lat' dir='ltr'>philologie</span> <span class='ocrx_word' id='word_1_218' title='bbox 933 1967 1142 2020; x_wconf 60' lang='lat' dir='ltr'>egyptienne</span> <span class='ocrx_word' id='word_1_219' title='bbox 1168 1972 1196 2007; x_wconf 93' lang='lat' dir='ltr'>t.</span> <span class='ocrx_word' id='word_1_220' title='bbox 1228 1966 1264 2006; x_wconf 92' lang='lat' dir='ltr'>V</span> <span class='ocrx_word' id='word_1_221' title='bbox 1298 1966 1484 2019; x_wconf 77' lang='lat' dir='ltr'>1884l85.</span> 
     </span>
    </p>

    <p class='ocr_par' dir='ltr' id='par_1_3' title="bbox 406 2029 1900 2736">
     <span class='ocr_line' id='line_1_26' title="bbox 517 2029 1897 2085; baseline -0.001 -13"><span class='ocrx_word' id='word_1_222' title='bbox 517 2032 756 2073; x_wconf 91' lang='lat' dir='ltr'>Versionem</span> <span class='ocrx_word' id='word_1_223' title='bbox 780 2031 969 2074; x_wconf 86' lang='lat' dir='ltr'>latinam</span> <span class='ocrx_word' id='word_1_224' title='bbox 1000 2030 1205 2085; x_wconf 87' lang='lat' dir='ltr'>publicavit</span> <span class='ocrx_word' id='word_1_225' title='bbox 1223 2030 1265 2071; x_wconf 87' lang='lat' dir='ltr'>E.</span> <span class='ocrx_word' id='word_1_226' title='bbox 1286 2030 1430 2071; x_wconf 86' lang='lat' dir='ltr'>Hauler</span> <span class='ocrx_word' id='word_1_227' title='bbox 1450 2031 1489 2071; x_wconf 89' lang='lat' dir='ltr'>in</span> <span class='ocrx_word' id='word_1_228' title='bbox 1509 2030 1628 2071; x_wconf 83' lang='lat' dir='ltr'>libro:</span> <span class='ocrx_word' id='word_1_229' title='bbox 1659 2029 1897 2071; x_wconf 88' lang='lat' dir='ltr'>Didascaliae</span> 
     </span>
     <span class='ocr_line' id='line_1_27' title="bbox 406 2095 1899 2152; baseline -0.003 -13"><span class='ocrx_word' id='word_1_230' title='bbox 406 2096 681 2152; x_wconf 79' lang='lat' dir='ltr'>apostolorum</span> <span class='ocrx_word' id='word_1_231' title='bbox 710 2095 926 2149; x_wconf 85' lang='lat' dir='ltr'>fragmenta</span> <span class='ocrx_word' id='word_1_232' title='bbox 955 2096 1202 2137; x_wconf 89' lang='lat' dir='ltr'>Veronensia</span> <span class='ocrx_word' id='word_1_233' title='bbox 1231 2095 1346 2137; x_wconf 84' lang='lat' dir='ltr'>latina</span> <span class='ocrx_word' id='word_1_234' title='bbox 1381 2107 1495 2147; x_wconf 86' lang='lat'>1900,</span> <span class='ocrx_word' id='word_1_235' title='bbox 1531 2109 1568 2149; x_wconf 91' lang='lat' dir='ltr'>p.</span> <span class='ocrx_word' id='word_1_236' title='bbox 1604 2107 1802 2148; x_wconf 87' lang='lat'>103—21‚</span> <span class='ocrx_word' id='word_1_237' title='bbox 1838 2095 1899 2136; x_wconf 89' lang='lat' dir='ltr'>vel</span> 
     </span>
     <span class='ocr_line' id='line_1_28' title="bbox 408 2158 1898 2217; baseline -0.003 -13"><span class='ocrx_word' id='word_1_238' title='bbox 408 2162 540 2217; x_wconf 90' lang='lat' dir='ltr'>potius</span> <span class='ocrx_word' id='word_1_239' title='bbox 567 2168 734 2217; x_wconf 87' lang='lat' dir='ltr'>quatuor</span> <span class='ocrx_word' id='word_1_240' title='bbox 760 2160 989 2214; x_wconf 88' lang='lat' dir='ltr'>fragmenta,</span> <span class='ocrx_word' id='word_1_241' title='bbox 1018 2174 1186 2215; x_wconf 88' lang='lat' dir='ltr'>quorum</span> <span class='ocrx_word' id='word_1_242' title='bbox 1216 2161 1384 2214; x_wconf 89' lang='lat' dir='ltr'>primum</span> <span class='ocrx_word' id='word_1_243' title='bbox 1417 2159 1586 2201; x_wconf 90' lang='lat' dir='ltr'>eundem</span> <span class='ocrx_word' id='word_1_244' title='bbox 1606 2158 1686 2201; x_wconf 88' lang='lat' dir='ltr'>sere</span> <span class='ocrx_word' id='word_1_245' title='bbox 1706 2159 1898 2201; x_wconf 90' lang='lat' dir='ltr'>ambitum</span> 
     </span>
     <span class='ocr_line' id='line_1_29' title="bbox 408 2224 1898 2280; baseline -0.003 -11"><span class='ocrx_word' id='word_1_246' title='bbox 408 2227 525 2269; x_wconf 89' lang='lat' dir='ltr'>habet</span> <span class='ocrx_word' id='word_1_247' title='bbox 542 2241 589 2268; x_wconf 87' lang='lat' dir='ltr'>ac</span> <span class='ocrx_word' id='word_1_248' title='bbox 607 2226 869 2280; x_wconf 86' lang='lat' dir='ltr'>fragmentum</span> <span class='ocrx_word' id='word_1_249' title='bbox 890 2226 1169 2280; x_wconf 88' lang='lat' dir='ltr'>aethiopicum,</span> <span class='ocrx_word' id='word_1_250' title='bbox 1189 2224 1332 2279; x_wconf 89' lang='lat' dir='ltr'>reliqua</span> <span class='ocrx_word' id='word_1_251' title='bbox 1351 2224 1552 2279; x_wconf 87' lang='lat' dir='ltr'>particulas</span> <span class='ocrx_word' id='word_1_252' title='bbox 1567 2224 1677 2274; x_wconf 94' lang='lat' dir='ltr'>XVI,</span> <span class='ocrx_word' id='word_1_253' title='bbox 1699 2226 1898 2278; x_wconf 65' lang='lat'>15⁰—27¹,</span> 
     </span>
     <span class='ocr_line' id='line_1_30' title="bbox 410 2289 1898 2343; baseline -0.003 -9"><span class='ocrx_word' id='word_1_254' title='bbox 410 2292 555 2343; x_wconf 84' lang='lat' dir='ltr'>XVIII,</span> <span class='ocrx_word' id='word_1_255' title='bbox 591 2291 817 2339; x_wconf 72' lang='grc' dir='ltr'>1“’--ΧΧΧ,</span> <span class='ocrx_word' id='word_1_256' title='bbox 848 2303 884 2332; x_wconf 88' lang='grc'>2.</span> <span class='ocrx_word' id='word_1_257' title='bbox 914 2290 1083 2341; x_wconf 91' lang='lat' dir='ltr'>XXXII,</span> <span class='ocrx_word' id='word_1_258' title='bbox 1109 2291 1298 2343; x_wconf 76' lang='lat'>15⁸²—36⁸</span> <span class='ocrx_word' id='word_1_259' title='bbox 1326 2290 1520 2331; x_wconf 88' lang='lat' dir='ltr'>exhibent.</span> <span class='ocrx_word' id='word_1_260' title='bbox 1579 2289 1717 2331; x_wconf 87' lang='lat' dir='ltr'>Codex</span> <span class='ocrx_word' id='word_1_261' title='bbox 1747 2289 1898 2340; x_wconf 82' lang='lat' dir='ltr'>latinus,</span> 
     </span>
     <span class='ocr_line' id='line_1_31' title="bbox 411 2354 1898 2411; baseline -0.004 -11"><span class='ocrx_word' id='word_1_262' title='bbox 411 2358 470 2400; x_wconf 84' lang='lat' dir='ltr'>cui</span> <span class='ocrx_word' id='word_1_263' title='bbox 497 2356 716 2411; x_wconf 80' lang='lat' dir='ltr'>fragmenta</span> <span class='ocrx_word' id='word_1_264' title='bbox 745 2355 944 2405; x_wconf 84' lang='lat' dir='ltr'>debemus,</span> <span class='ocrx_word' id='word_1_265' title='bbox 973 2356 1200 2409; x_wconf 84' lang='lat' dir='ltr'>scripturam</span> <span class='ocrx_word' id='word_1_266' title='bbox 1230 2369 1351 2409; x_wconf 87' lang='lat' dir='ltr'>aeque</span> <span class='ocrx_word' id='word_1_267' title='bbox 1380 2369 1424 2396; x_wconf 89' lang='lat' dir='ltr'>ac</span> <span class='ocrx_word' id='word_1_268' title='bbox 1444 2356 1573 2395; x_wconf 90' lang='lat' dir='ltr'>versio</span> <span class='ocrx_word' id='word_1_269' title='bbox 1594 2355 1748 2408; x_wconf 84' lang='lat' dir='ltr'>coptica</span> <span class='ocrx_word' id='word_1_270' title='bbox 1768 2354 1898 2394; x_wconf 87' lang='lat' dir='ltr'>Cauo—</span> 
     </span>
     <span class='ocr_line' id='line_1_32' title="bbox 412 2419 1900 2476; baseline -0.003 -12"><span class='ocrx_word' id='word_1_271' title='bbox 412 2423 522 2465; x_wconf 88' lang='lat' dir='ltr'>nibus</span> <span class='ocrx_word' id='word_1_272' title='bbox 556 2421 828 2476; x_wconf 86' lang='lat' dir='ltr'>apostolorum</span> <span class='ocrx_word' id='word_1_273' title='bbox 864 2420 1131 2462; x_wconf 88' lang='lat' dir='ltr'>ecclesiasticis</span> <span class='ocrx_word' id='word_1_274' title='bbox 1165 2419 1226 2461; x_wconf 85' lang='lat' dir='ltr'>vel</span> <span class='ocrx_word' id='word_1_275' title='bbox 1260 2419 1403 2469; x_wconf 89' lang='lat' dir='ltr'>libello,</span> <span class='ocrx_word' id='word_1_276' title='bbox 1438 2421 1503 2474; x_wconf 88' lang='lat' dir='ltr'>qui</span> <span class='ocrx_word' id='word_1_277' title='bbox 1539 2419 1638 2473; x_wconf 90' lang='lat' dir='ltr'>apud</span> <span class='ocrx_word' id='word_1_278' title='bbox 1678 2419 1900 2460; x_wconf 84' lang='lat' dir='ltr'>Germanos</span> 
     </span>
     <span class='ocr_line' id='line_1_33' title="bbox 411 2484 1900 2543; baseline -0.003 -14"><span class='ocrx_word' id='word_1_279' title='bbox 411 2486 661 2543; x_wconf 78' lang='lat' dir='ltr'>Apostolische</span> <span class='ocrx_word' id='word_1_280' title='bbox 680 2486 1015 2540; x_wconf 80' lang='lat' dir='ltr'>Kirchenordnung</span> <span class='ocrx_word' id='word_1_281' title='bbox 1034 2486 1272 2536; x_wconf 88' lang='lat' dir='ltr'>nominatur,</span> <span class='ocrx_word' id='word_1_282' title='bbox 1294 2484 1481 2538; x_wconf 85' lang='lat' dir='ltr'>adiungit.</span> <span class='ocrx_word' id='word_1_283' title='bbox 1531 2484 1634 2525; x_wconf 91' lang='lat' dir='ltr'>Cum</span> <span class='ocrx_word' id='word_1_284' title='bbox 1655 2490 1785 2525; x_wconf 88' lang='lat' dir='ltr'>autem</span> <span class='ocrx_word' id='word_1_285' title='bbox 1806 2484 1900 2524; x_wconf 85' lang='lat' dir='ltr'>haec</span> 
     </span>
     <span class='ocr_line' id='line_1_34' title="bbox 413 2548 1900 2606; baseline -0.003 -12"><span class='ocrx_word' id='word_1_286' title='bbox 413 2552 729 2594; x_wconf 78' lang='lat' dir='ltr'>Constitutiones</span> <span class='ocrx_word' id='word_1_287' title='bbox 755 2552 999 2606; x_wconf 87' lang='lat' dir='ltr'>aegyptiacas</span> <span class='ocrx_word' id='word_1_288' title='bbox 1028 2551 1218 2592; x_wconf 86' lang='lat' dir='ltr'>continuo</span> <span class='ocrx_word' id='word_1_289' title='bbox 1248 2551 1348 2604; x_wconf 90' lang='lat' dir='ltr'>ipsas</span> <span class='ocrx_word' id='word_1_290' title='bbox 1375 2548 1557 2603; x_wconf 87' lang='lat' dir='ltr'>proferat,</span> <span class='ocrx_word' id='word_1_291' title='bbox 1586 2548 1649 2589; x_wconf 90' lang='lat' dir='ltr'>ille</span> <span class='ocrx_word' id='word_1_292' title='bbox 1678 2550 1778 2589; x_wconf 88' lang='lat' dir='ltr'>inter</span> <span class='ocrx_word' id='word_1_293' title='bbox 1807 2548 1900 2589; x_wconf 89' lang='lat' dir='ltr'>duas</span> 
     </span>
     <span class='ocr_line' id='line_1_35' title="bbox 412 2613 1900 2672; baseline -0.004 -13"><span class='ocrx_word' id='word_1_294' title='bbox 412 2618 618 2672; x_wconf 83' lang='lat' dir='ltr'>scripturas</span> <span class='ocrx_word' id='word_1_295' title='bbox 646 2617 869 2671; x_wconf 89' lang='lat' dir='ltr'>particulam</span> <span class='ocrx_word' id='word_1_296' title='bbox 905 2623 1088 2670; x_wconf 85' lang='lat' dir='ltr'>tanquam</span> <span class='ocrx_word' id='word_1_297' title='bbox 1123 2614 1343 2656; x_wconf 89' lang='lat' dir='ltr'>membrum</span> <span class='ocrx_word' id='word_1_298' title='bbox 1381 2614 1553 2655; x_wconf 89' lang='lat' dir='ltr'>medium</span> <span class='ocrx_word' id='word_1_299' title='bbox 1590 2613 1649 2654; x_wconf 86' lang='lat' dir='ltr'>vel</span> <span class='ocrx_word' id='word_1_300' title='bbox 1689 2613 1900 2668; x_wconf 88' lang='lat' dir='ltr'>prologum</span> 
     </span>
     <span class='ocr_line' id='line_1_36' title="bbox 412 2681 1078 2736; baseline -0.002 -13"><span class='ocrx_word' id='word_1_301' title='bbox 412 2682 459 2723; x_wconf 85' lang='lat' dir='ltr'>ad</span> <span class='ocrx_word' id='word_1_302' title='bbox 485 2683 717 2736; x_wconf 86' lang='lat' dir='ltr'>scripturam</span> <span class='ocrx_word' id='word_1_303' title='bbox 746 2681 904 2723; x_wconf 87' lang='lat' dir='ltr'>alteram</span> <span class='ocrx_word' id='word_1_304' title='bbox 936 2682 1078 2736; x_wconf 86' lang='lat' dir='ltr'>ponit.¹</span> 
     </span>
    </p>
   </div>
   <div class='ocr_carea' id='block_1_3' title="bbox 416 2754 669 2760">
    <p class='ocr_par' dir='ltr' id='par_1_4' title="bbox 416 2754 669 2760">
     <span class='ocr_line' id='line_1_37' title="bbox 416 2754 669 2760; baseline 0 0"><span class='ocrx_word' id='word_1_305' title='bbox 416 2754 669 2760; x_wconf 95' lang='lat' dir='ltr'> </span> 
     </span>
    </p>
   </div>
   <div class='ocr_carea' id='block_1_4' title="bbox 412 2774 1903 2929">
    <p class='ocr_par' dir='ltr' id='par_1_5' title="bbox 412 2774 1903 2929">
     <span class='ocr_line' id='line_1_38' title="bbox 518 2774 1902 2821; baseline -0.004 -8"><span class='ocrx_word' id='word_1_306' title='bbox 518 2785 529 2802; x_wconf 85' lang='lat'><strong>¹</strong></span> <span class='ocrx_word' id='word_1_307' title='bbox 542 2778 687 2813; x_wconf 81' lang='lat' dir='ltr'>Uberius</span> <span class='ocrx_word' id='word_1_308' title='bbox 699 2779 738 2812; x_wconf 89' lang='lat' dir='ltr'>de</span> <span class='ocrx_word' id='word_1_309' title='bbox 751 2778 917 2813; x_wconf 88' lang='lat' dir='ltr'>codicibus</span> <span class='ocrx_word' id='word_1_310' title='bbox 930 2784 962 2811; x_wconf 90' lang='lat' dir='ltr'>et</span> <span class='ocrx_word' id='word_1_311' title='bbox 974 2777 1177 2811; x_wconf 85' lang='lat' dir='ltr'>versionibus</span> <span class='ocrx_word' id='word_1_312' title='bbox 1190 2777 1349 2821; x_wconf 85' lang='lat' dir='ltr'>disputavi</span> <span class='ocrx_word' id='word_1_313' title='bbox 1363 2777 1394 2809; x_wconf 89' lang='lat' dir='ltr'>in</span> <span class='ocrx_word' id='word_1_314' title='bbox 1403 2776 1491 2809; x_wconf 89' lang='lat' dir='ltr'>libris</span> <span class='ocrx_word' id='word_1_315' title='bbox 1500 2787 1507 2809; x_wconf 91' lang='lat'>:</span> <span class='ocrx_word' id='word_1_316' title='bbox 1516 2776 1580 2808; x_wconf 83' lang='lat' dir='ltr'>Die</span> <span class='ocrx_word' id='word_1_317' title='bbox 1588 2775 1806 2819; x_wconf 81' lang='lat' dir='ltr'>apostolischen</span> <span class='ocrx_word' id='word_1_318' title='bbox 1815 2774 1902 2807; x_wconf 85' lang='lat' dir='ltr'><em>Kon—</em></span> 
     </span>
     <span class='ocr_line' id='line_1_39' title="bbox 412 2829 1903 2876; baseline -0.004 -9"><span class='ocrx_word' id='word_1_319' title='bbox 412 2834 592 2867; x_wconf 71' lang='lat' dir='ltr'>seientiam</span> <span class='ocrx_word' id='word_1_320' title='bbox 602 2834 681 2876; x_wconf 87' lang='lat'>1891</span> <span class='ocrx_word' id='word_1_321' title='bbox 698 2844 729 2876; x_wconf 86' lang='lat' dir='ltr'>p.</span> <span class='ocrx_word' id='word_1_322' title='bbox 739 2842 883 2876; x_wconf 83' lang='lat'>243—53</span> <span class='ocrx_word' id='word_1_323' title='bbox 895 2845 903 2870; x_wconf 84' lang='lat'>;</span> <span class='ocrx_word' id='word_1_324' title='bbox 919 2833 987 2866; x_wconf 85' lang='lat' dir='ltr'>Das</span> <span class='ocrx_word' id='word_1_325' title='bbox 999 2832 1172 2865; x_wconf 82' lang='lat' dir='ltr'>Testament</span> <span class='ocrx_word' id='word_1_326' title='bbox 1186 2842 1307 2864; x_wconf 78' lang='lat' dir='ltr'>anseres</span> <span class='ocrx_word' id='word_1_327' title='bbox 1313 2830 1419 2863; x_wconf 86' lang='lat' dir='ltr'>Herrn</span> <span class='ocrx_word' id='word_1_328' title='bbox 1435 2839 1512 2874; x_wconf 88' lang='lat'>1901</span> <span class='ocrx_word' id='word_1_329' title='bbox 1531 2841 1560 2873; x_wconf 90' lang='lat' dir='ltr'>p.</span> <span class='ocrx_word' id='word_1_330' title='bbox 1570 2838 1712 2873; x_wconf 83' lang='lat'>29—34;</span> <span class='ocrx_word' id='word_1_331' title='bbox 1725 2834 1758 2862; x_wconf 89' lang='lat' dir='ltr'>et</span> <span class='ocrx_word' id='word_1_332' title='bbox 1769 2829 1903 2862; x_wconf 81' lang='lat' dir='ltr'>Achelis</span> 
     </span>
     <span class='ocr_line' id='line_1_40' title="bbox 413 2884 1794 2929; baseline -0.004 -8"><span class='ocrx_word' id='word_1_333' title='bbox 413 2887 445 2920; x_wconf 80' lang='lat' dir='ltr'>in</span> <span class='ocrx_word' id='word_1_334' title='bbox 460 2888 561 2921; x_wconf 86' lang='lat' dir='ltr'>libro:</span> <span class='ocrx_word' id='word_1_335' title='bbox 580 2888 646 2920; x_wconf 80' lang='lat' dir='ltr'>Die</span> <span class='ocrx_word' id='word_1_336' title='bbox 661 2888 786 2921; x_wconf 74' lang='lat' dir='ltr'>dltesten</span> <span class='ocrx_word' id='word_1_337' title='bbox 805 2887 939 2929; x_wconf 84' lang='lat' dir='ltr'>Quellen</span> <span class='ocrx_word' id='word_1_338' title='bbox 955 2888 1007 2919; x_wconf 79' lang='lat' dir='ltr'>des</span> <span class='ocrx_word' id='word_1_339' title='bbox 1022 2886 1259 2919; x_wconf 76' lang='lat' dir='ltr'>orientalischen</span> <span class='ocrx_word' id='word_1_340' title='bbox 1280 2885 1513 2917; x_wconf 74' lang='lat' dir='ltr'>Kirchenrechts</span> <span class='ocrx_word' id='word_1_341' title='bbox 1532 2884 1608 2927; x_wconf 85' lang='lat'>1891</span> <span class='ocrx_word' id='word_1_342' title='bbox 1629 2894 1659 2927; x_wconf 87' lang='lat' dir='ltr'>p.</span> <span class='ocrx_word' id='word_1_343' title='bbox 1682 2892 1794 2923; x_wconf 83' lang='lat'>1—-23.</span> 
     </span>
    </p>
   </div>
  </div>
 </body>
</html>
