2457 3436
711 289 762 319 nx
789 280 1056 320 APOSTOLomm
1083 289 1227 320 sruono
1255 290 1486 320 miocmass
1515 290 1739 320 omnnium.
1831 321 1837 327 ,
1891 281 1968 320 149

593 384 692 426 VIII.
726 392 770 428 ut
796 385 1014 428 abstineant
1042 386 1252 428 Christiani
1287 399 1428 427 omnes
1455 385 1695 437 scurrilitate,
1728 386 1967 442 turpiloquio

476 458 518 492 et
546 448 784 503 blasphemia
816 458 855 492 et
884 452 995 492 omni
1023 464 1136 493 more
1172 450 1390 505 gentilium,
1426 466 1553 506 neque
1590 452 1644 493 eis
1680 452 1826 493 similes
1860 450 1968 503 fiant,

476 529 529 556 ne
558 515 799 569 decipiantur
826 515 1084 570 simpliciores
1091 532 1103 567 ;

586 580 656 622 IX.
685 595 735 622 ne
764 585 968 622 vescantur
988 580 1198 623 Christiani
1217 581 1420 636 sanguine,
1450 581 1520 623 sed
1547 580 1759 623 abstineant
1784 583 1968 636 sanguine

475 653 510 686 et
538 644 715 700 suffocato
743 653 777 686 et
795 646 1074 700 fornicatione,-

586 710 636 751 X.
672 711 970 764 pronuntiantes
999 711 1117 752 etiam
1145 724 1215 765 per
1243 710 1497 753 Clementem
1526 724 1698 753 canones
1728 710 1775 753 de
1806 711 1966 753 diversis

475 774 591 816 rebus
619 789 786 817 numero
816 776 1020 829 octoginta
1048 776 1234 831 quinque.

519 883 596 917 VIII
616 881 691 927 (η’).
715 883 767 918 Cf.
784 884 823 918 C.
839 884 880 918 A.
898 884 939 926 V,
961 893 1015 927 13:
1038 882 1190 928 φεύγειν
1255 885 1302 918 sic
1325 885 1433 929 pergit
1455 884 1684 929 concluditque
1698 885 1877 929 respiciens
1894 895 1966 918 ver-

475 964 483 971 .
507 964 516 971 .
540 935 603 978 τᾶς
625 937 878 982 αἰσχρολογίας
900 940 963 972 καὶ
985 936 1047 978 τὰς
1062 935 1188 982 εὖτρα-
1254 939 1332 972 bum
1348 937 1589 983 ἐχρημάτισαν
1605 939 1713 973 can.1.
1743 939 1890 973 Editores
1903 940 1966 982 pri·

473 993 610 1032 πελίας.
1255 1002 1330 1026 ores
1352 993 1437 1027 hanc
1459 993 1651 1038 particulam
1674 994 1864 1028 omiserunt.
1899 993 1965 1027 Re-

517 1045 564 1079 IX
587 1043 667 1088 (θ’).
690 1045 742 1079 Cf.
766 1045 805 1080 C.
827 1046 869 1080 A.
893 1046 949 1087 VI,
977 1055 1026 1080 12.
1255 1047 1395 1089 spiciens
1418 1057 1540 1082 novam
1558 1048 1764 1088 sententiam,
1789 1058 1886 1091 quam
1909 1058 1965 1080 ex-

518 1099 549 1132 X
559 1096 623 1143 (ι’).
636 1101 878 1140 aeonium-tec
890 1102 952 1135 καὶ
961 1101 1049 1144 πλη]
1062 1101 1188 1134 Auctor
1253 1101 1353 1142 hibet,
1370 1111 1444 1135 eam
1461 1107 1616 1146 tanquam
1632 1111 1794 1135 canonem
1806 1101 1837 1134 X
1853 1101 1965 1135 reddo.
