2457 3436
1105 371 1333 401 sunnonis.
1885 364 1904 401 1
1911 363 1931 400 7
1941 365 1958 402 1

472 474 512 508 et
541 466 753 508 lectoribus
782 474 821 508 et
849 467 1138 521 interpretibus:
1168 482 1310 509 omnes
1340 467 1523 509 ecclesiae
1544 469 1746 509 ministros
1766 483 1895 510 recrea
1924 477 1963 511 et

472 531 658 572 omnibus
688 532 738 572 da
758 531 1020 585 benignitatem
1050 540 1087 574 et
1116 533 1423 574 misericordiam
1453 541 1493 575 et
1521 532 1754 588 profectum.
1808 546 1840 585 5.
1862 534 1962 576 Ora-

473 610 562 637 mus
591 609 664 650 pro
695 597 762 647 eis,
792 598 856 651 qui
885 597 1096 639 solitariam
1126 598 1244 639 vitam
1274 606 1407 652 agunt,
1438 606 1477 640 et
1499 612 1572 652 pro
1593 599 1661 648 eis,
1690 612 1788 653 quae
1807 599 1965 653 virgini-

472 668 595 702 tatem
625 660 776 703 colunt:
808 661 1007 716 perficiant
1033 677 1183 703 cursum
1212 677 1325 704 suum
1364 663 1610 705 immaculate
1640 671 1678 705 et
1706 664 1825 705 vitam
1855 677 1963 703 suam

474 727 559 766 sine
588 726 894 777 intermissione,
926 734 967 768 ut
987 728 1139 781 possint
1157 728 1196 768 in
1217 728 1382 781 puritate
1411 735 1451 769 et
1470 729 1671 770 sanctitate
1690 735 1816 770 terere
1844 742 1966 769 omnes

474 791 551 831 dies
579 805 674 832 suos.
725 793 761 833 6.
791 791 979 833 Miserere
1010 793 1124 833 etiam
1152 793 1332 834 omnium
1362 794 1618 834 matrimonio
1648 793 1965 842 coniunctorum,

475 856 650 897 virorum
682 863 720 897 et
744 855 977 898 feminarum
1007 865 1046 899 et
1066 871 1290 911 puerorum,
1320 865 1358 899 et
1378 857 1424 899 da
1446 857 1629 899 omnibus
1648 857 1965 899 benedictionem

475 919 675 975 profectus
704 928 743 963 et
771 921 1070 972 emendationis,
1105 929 1147 964 ut
1176 937 1316 964 omnes
1344 922 1439 964 fiant
1467 923 1543 964 vivi
1574 930 1613 964 et
1641 922 1752 964 electi
1782 923 1966 964 homines

475 999 544 1040 per
580 986 824 1039 unigenitum
860 993 970 1027 tuum
1000 986 1129 1027 lesum
1159 986 1374 1038 Christum,
1409 1001 1478 1041 per
1512 1001 1631 1042 quem
1665 987 1733 1028 tibi
1768 987 1892 1041 gloria
1928 994 1966 1028 et

476 1051 685 1104 imperium
714 1051 753 1091 in
783 1058 920 1092 sancto
949 1052 1084 1105 spiritu
1119 1059 1157 1093 et
1192 1066 1295 1093 nunc
1332 1060 1370 1093 et
1408 1053 1445 1093 in
1483 1052 1618 1094 omnia
1651 1052 1800 1093 saecula
1836 1066 1966 1093 saecu-

476 1115 619 1165 lorum,
647 1129 776 1156 amen.

1095 1256 1170 1298 XII
1199 1257 1347 1311 (xxvi).

963 1334 1116 1375 Oratio
1144 1335 1486 1385 genuflexionis.

592 1432 624 1459 1.
661 1418 773 1459 Pater
801 1420 1004 1472 unigeniti,
1034 1418 1137 1461 bone
1167 1427 1205 1460 et
1233 1421 1452 1470 misericors,
1482 1419 1636 1473 benigne
1665 1426 1703 1460 et
1732 1433 1867 1460 amans
1897 1420 1967 1460 ho-

477 1484 630 1524 minum
660 1490 699 1525 et
728 1495 862 1524 amans
889 1485 1119 1535 animarum,
1148 1483 1323 1525 benefice
1351 1484 1390 1525 in
1421 1499 1561 1526 omnes
1591 1483 1636 1525 ad
1665 1492 1705 1525 te
1733 1499 1775 1525 se
1805 1498 1968 1525 conver-

476 1554 622 1589 tentes:
660 1549 813 1602 suscipe
847 1549 945 1590 hanc
981 1548 1297 1604 deprecationem
1334 1556 1372 1591 et
1407 1548 1455 1590 da
1482 1548 1597 1590 nobis
1626 1549 1897 1602 cognitionem
1930 1557 1967 1590 et

479 1611 598 1654 fidem
629 1620 667 1654 et
695 1613 879 1667 pietatem
911 1620 949 1655 et
977 1614 1234 1656 sanctitatem.
1285 1626 1319 1655 2.
1350 1614 1520 1655 Destrue
1545 1627 1707 1654 omnem
1729 1614 1968 1667 passionem,

477 1691 643 1719 omnem
663 1677 918 1732 voluptatem,
949 1692 1070 1720 omne
1090 1685 1293 1733 peccatum
1313 1678 1359 1719 ab
1380 1678 1455 1719 hoc
1476 1677 1644 1733 populo;
1673 1677 1744 1728 fac,
1765 1685 1807 1719 ut
1828 1691 1968 1719 omnes

478 1741 617 1783 mundi
643 1741 756 1793 fiant;
785 1744 947 1796 ignosce
967 1742 1151 1784 omnibus
1171 1742 1321 1784 delicta.
1373 1756 1407 1796 3.
1437 1743 1527 1784 Tibi
1549 1743 1654 1784 enim
1676 1744 1851 1784 increato
1872 1744 1968 1796 patri

479 1820 548 1861 per
577 1808 825 1861 unigenitum
853 1807 1048 1850 flectimus
1075 1822 1193 1862 genu,
1223 1808 1269 1849 da
1290 1807 1403 1849 nobis
1430 1816 1606 1850 mentem
1626 1814 1799 1848 sanctam
1830 1814 1868 1848 et
1897 1809 1968 1848 uti-

478 1872 628 1914 litatem
647 1872 873 1926 perfectam,
903 1872 950 1914 da
969 1873 1085 1914 nobis
1108 1880 1147 1914 te
1167 1887 1351 1927 quaerere
1381 1880 1419 1914 et
1437 1887 1579 1922 amare,
1609 1871 1655 1913 da
1678 1872 1791 1913 nobis
1810 1873 1969 1913 scrutari

479 1944 519 1979 et
546 1938 743 1992 inquirere
770 1937 884 1979 verba
913 1945 978 1979 tua
1007 1938 1149 1987 divina,
1178 1937 1226 1979 da
1245 1937 1359 1979 nobis
1379 1951 1553 1988 manum,
1584 1937 1772 1987 Domine,
1803 1945 1840 1978 et
1864 1937 1969 1990 erige

480 2016 573 2053 nos3
609 2017 647 2056 4.
679 2003 797 2056 erige,
825 2003 935 2044 Deus
963 2003 1334 2045 misericordiarum:
1370 2002 1441 2053 fac,
1474 2010 1515 2044 ut
1542 2003 1795 2056 suspiciamus
1804 2017 1815 2053 ;
1844 2000 1971 2043 revela

480 2066 620 2108 oculos
650 2075 821 2118 nostros,
851 2067 1129 2110 confidentiam
1160 2067 1275 2109 nobis
1299 2067 1451 2121 largire,
1481 2082 1531 2108 ne
1552 2068 1753 2121 permittas
1782 2081 1856 2108 nos
1886 2080 1971 2108 eru-

479 2132 640 2174 bescere
674 2146 747 2174 nec
775 2132 1027 2174 verecundari
1062 2147 1135 2174 nec
1169 2147 1243 2173 nos
1273 2132 1556 2174 condemnare:
1600 2145 1635 2184 5.
1670 2132 1751 2173 dele
1779 2132 1876 2187 quod
1902 2131 1970 2172 ad-

479 2211 609 2238 versus
636 2211 701 2238 nos
729 2205 810 2238 erat
838 2197 1138 2252 chirographum,
1170 2197 1288 2238 scribe
1321 2199 1473 2238 nomina
1509 2205 1634 2238 nostra
1668 2199 1707 2238 in
1737 2197 1832 2238 libro
1858 2198 1971 2245 vitae,

481 2276 724 2304 connumera
763 2277 837 2304 nos
871 2265 1009 2304 sanctis·
1044 2265 1117 2303 tuis
1137 2263 1323 2317 prophetis
1358 2270 1391 2303 et
1424 2262 1596 2317 apostolis
1629 2276 1696 2316 per
1727 2262 1969 2314 unigenitum

482 2502 698 2545 Serapionem
709 2502 907 2535 Athanasius
921 2502 1026 2545 primo
1041 2501 1194 2534 adhibere
1261 2500 1339 2533 dum
1368 2510 1427 2543 pro
1454 2500 1503 2532 ‘eis
1532 2500 1697 2532 orationes
1727 2498 1822 2539 fiunt;
1855 2498 1972 2531 deinde

482 2555 619 2595 videtur,
635 2555 732 2600 Apol.
749 2556 790 2589 ad
813 2557 890 2599 imp.
906 2555 1079 2589 Constant.
1098 2565 1126 2588 c.
1143 2555 1194 2588 28.
1261 2558 1372 2587 autem
1395 2559 1531 2597 surgunt
1554 2559 1586 2586 et
1609 2553 1771 2596 accipiunt
1796 2552 1971 2585 benedicti—

525 2610 598 2644 xn.
621 2610 711 2643 Haec
734 2610 839 2643 oratio
862 2610 1036 2643 ostendere
1058 2609 1195 2648 videtur,
1262 2617 1362 2640 onem
1386 2607 1542 2651 episcopi,
1566 2606 1804 2646 catechumeni,
1834 2616 1973 2649 energu-

483 2664 642 2709 populum
659 2664 800 2705 stetisse,
824 2664 902 2697 dum
918 2664 1084 2696 orationes
1102 2672 1195 2706 prae-
1262 2662 1361 2701 meni,
1381 2661 1564 2704 baptizandi
1586 2665 1620 2693 et
1641 2660 1844 2704 paenitentes
1868 2660 1974 2703 capite

483 2718 639 2752 cedentes
668 2717 895 2751 recitabantur.
940 2717 977 2750 In
999 2716 1194 2750 Constituti·
1261 2715 1425 2748 inclinato.
1471 2714 1632 2758 Scriptura
1662 2720 1772 2747 nostra
1806 2714 1859 2746 hic
1887 2713 1974 2746 addit

483 2773 600 2806 onibus
621 2777 726 2816 apost.
746 2771 830 2812 VIII,
846 2771 948 2805 6-11
971 2771 1198 2805 catechumeni
1263 2770 1458 2810 orationem,
1480 2779 1562 2813 quae
1586 2768 1657 2801 sola
1679 2768 1817 2810 genibus
1839 2766 1974 2800 flexibus

484 2826 746 2867 etfideles,haud
756 2826 853 2860 dubie
861 2827 959 2860 etiam
973 2825 1197 2869 energumeni,
1264 2824 1463 2867 pronuntiari
1487 2829 1518 2856 et
1542 2822 1617 2856 huic
1635 2823 1756 2856 habitui
1771 2831 1896 2855 nomen
1918 2822 1976 2854 de-

485 2881 665 2925 baptizandi
689 2886 722 2914 et
738 2881 940 2923 paenitentes
963 2879 1196 2924 genuflectunt,
1265 2878 1340 2911 bere
1364 2877 1498 2911 videtur.

2011 736 2029 765 5

1993 1061 2033 1090 lt)

1993 1620 2034 1650 15

1993 1944 2036 1974 20

1994 2268 2036 2297 25
