2457 3436
455 357 723 388 mnenouts
749 357 1014 388 Aposrommm
1045 359 1091 396 vr,
1120 360 1173 397 26,
1196 359 1314 397 3—-27,
1339 360 1367 391 1.
1552 349 1631 390 369

453 456 703 507 νομίζοντες·
740 453 872 506 ἕτεροι
911 455 955 495 δὲ
993 455 1038 506 ἐξ
1072 450 1214 496 αὐτῶν
1252 450 1383 497 αὐτὸν
1415 452 1518 496 εἶναι
1554 454 1633 497 τὸν

454 521 473 559 ’ὶ
491 518 667 560 πάντων
684 518 791 570 θεὸν
807 516 1127 569 ὑποπτεύουσιν,
1154 516 1286 561 αὐτὸν
1308 519 1458 563 ἑαυτοῦ
1476 521 1632 573 πατέρα

454 583 555 626 ὗτόν
581 584 678 626 υἱὸν
696 586 764 626 καὶ
781 584 1049 644 παράκζιζτον
1067 583 1393 634 ὑποπτεύοντες·
1425 600 1486 626 ων
1513 587 1555 627 τί
1582 583 1635 626 ἂν

453 664 516 698 w,·
567 663 602 703 3.
631 648 750 691 ἄλλοι
778 647 814 691 ‹5’
847 645 901 691 αὖ
927 649 1056 691 πάλιν
1083 650 1127 701 ἐξ
1152 649 1296 692 αὐτῶν
1321 649 1517 704 βρώματά
1541 665 1635 691 τινα

453 716 519 755 καὶ
545 715 676 768 γάμον
695 714 828 757 κακὸν
846 713 923 755 σὺν
940 704 1299 756 παιδοποιία*
851 717 1636 774 λέγουσιν
1418 713 1521 756 εἶναι
1550 717 1633 756 δια·
1678 724 1699 756 5

453 777 598 833 ἄνημα·
628 781 696 822 καὶ
715 779 783 822 διὰ
808 779 888 832 τὴν
906 782 1109 839 πονῃρίαν
1138 776 1293 829 αὐτῶν,
1323 779 1475 829 ασεβετς
1506 778 1633 829 ὄντες,

453 845 494 885 ἐκ
524 848 686 896 νεκρῶν
721 843 959 897 ἀναστῆναι,
994 844 1059 886 διὸ
1085 847 1153 886 καὶ
1187 846 1264 899 τὴν
1296 844 1523 887 ἀνάστασιν
1549 846 1635 887 δια-

453 909 646 959 ἱσκοντες,
677 909 741 951 ὅτι
769 912 908 962 σεμνοί
933 925 1042 958 τινες
1077 910 1198 962 ἐσμὲν
1224 909 1378 951 ἐσθίειν
1406 912 1475 951 καὶ
1500 912 1635 952 πίνειν

453 991 480 1026 ι,
509 975 701 1028 δαιμόνια
720 976 764 1017 δὲ
782 974 942 1029 ἅσαρκα
959 975 1259 1028 φανταζόμενοι
1277 975 1324 1016 ἐκ
1350 978 1512 1027 νεκρῶν
1538 971 1636 1017 ἂνα-

453 1040 569 1090 ’ῗτινες
595 1040 1024 1095 καταδικασθήσονται
1052 1040 1106 1082 δι’
1134 1041 1287 1088 αἰῶνος
1314 1040 1360 1082 ἐν
1388 1044 1449 1093 τῷ
1476 1041 1635 1093 αἰωνίῳ
1659 1048 1701 1079 to

453 1121 469 1147 ε
496 1101 574 1147 οὖν
602 1104 677 1147 ἄπ’
701 1102 858 1156 αὐτῶν,
889 1105 956 1147 ἵνα
982 1105 1037 1161 μὴ
1059 1104 1348 1158 συναπόλησθε
1376 1114 1466 1152 ταῖς
1493 1103 1636 1147 αὐτῶν

453 1236 505 1288 E}
532 1236 579 1277 δέ
594 1250 703 1285 τινες
728 1234 1086 1290 παρατηρούμενοι
1104 1235 1382 1288 φυλάσσουσιν
1410 1234 1534 1287 ἔθιμα
1553 1235 1636 1276 lov·

453 1302 568 1350 ιοίας,
610 1298 852 1353 ὀνειρώξεις,
891 1299 1170 1355 πλησιασμοὺς
1208 1299 1307 1359 τοὺς
1346 1298 1452 1341 κατὰ
1490 1299 1635 1351 νόμον,

453 1373 511 1414 ιν,
547 1366 582 1407 εἰ
615 1366 660 1407 ἐν
693 1363 757 1414 αῖς
790 1363 918 1420 ὥραις
945 1362 970 1418 ἢ
1003 1363 1168 1419 ἡμέραις
1195 1363 1242 1406 ἕν
1269 1380 1309 1406 τι
1340 1363 1507 1407 τούτων
1534 1361 1635 1406 ὑπο·
1661 1369 1700 1402 15

452 1433 698 1484 ατηροῦνται
725 1430 1032 1484 προσεύξασθαι
1059 1428 1086 1483 ἢ
1115 1429 1370 1484 εὐχαριστίας
1395 1432 1635 1482 μεταλαβεῖν

452 1510 521 1545 ειν,
544 1497 614 1537 καὶ
641 1495 715 1536 ἐὰν
742 1500 997 1544 συνθῶνται,
1027 1497 1155 1548 δῆλον
1184 1493 1243 1544 ὡς
1260 1500 1338 1536 τοῦ
1366 1492 1486 1548 ἁγίου
1514 1493 1636 1536 πνεύ-

453 1560 701 1613 υγχάνουσιν
718 1565 796 1602 τοῦ
815 1559 879 1602 αἐὶ
903 1561 1214 1613 παραμένοντος
1231 1568 1319 1608 τοῖς
1337 1568 1515 1607 πιστοῖς·
1544 1560 1636 1613 περὶ

452 1639 494 1665 ιν
521 1626 627 1678 λέγει
657 1641 680 1667 ο
707 1624 925 1678 Σολομῶν,
954 1622 1002 1667 ἵν’
1034 1624 1204 1673 ἕκαστος
1233 1623 1382 1667 ἑαυτὸν
1411 1621 1634 1676 εὐτρεπίζῃ,

452 1688 650 1743 καθεύδῃ,
676 1689 861 1744 φυλάσσῃ
889 1689 1021 1732 αὐτὸν
1038 1694 1118 1741 καί,
1151 1688 1210 1739 ὥς
1230 1705 1284 1731 αν
1303 1691 1515 1743 ἐγείρηται,
1544 1693 1635 1730 συλ-
1657 1694 1701 1725 20

452 1829 472 1853 ι.
498 1830 548 1862 15.
573 1829 625 1853 22.
650 1840 691 1846 -
712 1823 757 1855 20
779 1820 874 1854 Prov.
897 1819 928 1860 6,
952 1829 1002 1853 22.

452 1940 510 1972 :eat
532 1936 597 1972 τὸν
619 1949 638 1971 a
657 1940 663 1979 1
682 1943 702 1973 4
725 1937 781 1982 εἴη
804 1950 824 1972 a
846 1939 866 1972 b
890 1939 912 1972 h
935 1951 943 1971 :
966 1938 1107 1983 γένοιτο
1131 1939 1152 1971 d
1175 1948 1193 1971 e
1216 1949 1237 1981 p
1261 1950 1281 1969 v
1301 1940 1304 1978 Ι
1326 1940 1378 1977 517
1402 1935 1575 1981 διαβόλου
1596 1957 1636 1964 —-

478 1995 482 2033 1
508 1995 530 2027 6
551 1989 788 2036 μηχανήματα
811 1993 831 2026 b
855 2004 875 2036 p
899 2005 919 2025 v
949 1994 955 2036 Ι
979 1996 1000 2028 9
1021 1993 1149 2036 μηκέτι
1174 1992 1196 2025 h
1220 1994 1226 2034 Ι
1256 1995 1353 2033 13s14
1377 1989 1561 2026 ἰουδαϊκόν
1582 1991 1604 2024 h
1629 1992 1634 2034 Ι

452 2058 504 2086 ιν,
528 2046 719 2089 γονορυΐας
734 2047 753 2080 b
772 2047 794 2080 h
813 2051 819 2088 Ι
840 2050 934 2081 15116
958 2043 1186 2089 ὖπομένωσιν
1208 2057 1226 2079 e
1247 2049 1250 2087 Ι
1273 2049 1314 2080 16
1340 2043 1360 2088 ἢ
1385 2043 1504 2089 εὐχαρ.
1526 2057 1637 2088 μετα·

473 2104 517 2140 >
542 2112 561 2133 2
583 2103 587 2137 Ι
610 2104 650 2136 19
670 2098 729 2135 ἵνα
752 2101 772 2134 b
796 2112 814 2135 e
838 2112 858 2145 p
882 2113 902 2133 v
921 2102 928 2143 Ι
946 2104 1018 2138 2011
1045 2098 1219 2143 φυλάσσει
1244 2126 1253 2133 .
1277 2126 1285 2133 .
1310 2102 1480 2134 συλλαλεῖ
1500 2100 1521 2132 d
1544 2100 1566 2133 h

452 2221 559 2254 misse.
588 2240 630 2246 —-
658 2218 721 2255 τὸν
744 2220 802 2255 ἐπὶ
825 2233 860 2255 π.
926 2218 1052 2262 μάτων
1074 2221 1094 2253 d
1118 2230 1136 2253 e
1160 2231 1180 2264 p
1198 2221 1245 2262 v).
1283 2219 1334 2253 De
1358 2219 1638 2253 observationibus

452 2285 501 2308 im
531 2281 658 2318 patrem
681 2275 860 2308 secundum
927 2275 1060 2308 iudaicis
1077 2279 1109 2308 et
1127 2274 1266 2308 ethnicis
1283 2273 1388 2316 (fluxu
1406 2273 1550 2314 seminis,
1567 2273 1638 2317 pol-

451 2329 609 2362 :utionem
624 2334 752 2373 patrum
769 2335 861 2362 vete·
927 2329 1051 2363 lutione
1066 2329 1100 2362 in
1111 2339 1242 2369 somno,
1255 2328 1440 2367 concubitu,
1453 2328 1637 2367 menstruis,

452 2382 603 2416 adnotavi
625 2383 667 2416 ad
689 2383 744 2422 111,
765 2392 813 2426 17,
829 2392 860 2424 4.
927 2384 1161 2417 commixtione
1189 2382 1346 2427 legitima,
1377 2387 1480 2426 partu,
1514 2382 1638 2422 abortu,

452 2432 598 2480 ἴσαρκα]
626 2437 779 2470 Similiter
801 2437 860 2471 do-
927 2437 1054 2471 macula
1072 2437 1229 2480 corporis,
1242 2436 1433 2469 humatione
1451 2435 1571 2468 mortui
1587 2435 1638 2468 vel

451 2501 554 2534 genes».
600 2491 724 2525 Auctor
752 2496 862 2524 autem
928 2492 1064 2532 ossium,
1095 2490 1245 2534 sepulcro
1269 2490 1321 2523 vel
1343 2489 1526 2523 differentia
1550 2489 1639 2522 cibo·

452 2545 566 2579 oculos
588 2544 711 2578 habere
725 2544 861 2579 videtur.
928 2546 1026 2587 rum).

455 2596 769 2643 παρατηρημάτων
786 2598 862 2633 ἰού-
974 2610 1002 2633 1.
1024 2599 1187 2643 βιβλίου]
1204 2598 1256 2632 De
1271 2608 1364 2631 more
1381 2596 1638 2630 Christianorum

455 2654 626 2696 νικῶνΗ-
636 2654 860 2697 γονορροίας,
928 2660 1076 2687 veterum
1092 2653 1224 2696 legendi
1239 2653 1339 2685 libros
1351 2661 1462 2685 sacros
1479 2650 1520 2684 cf.
1534 2650 1641 2684 Clem.

451 2710 661 2751 λησιασμοῦ,
690 2703 861 2750 ᾰφέδρου,
927 2708 1021 2741 Alex.
1044 2707 1141 2741 Paed.
1166 2706 1205 2745 11,
1231 2716 1281 2745 10,
1304 2706 1346 2749 96
1370 2717 1400 2750 p.
1420 2705 1497 2745 228;
1521 2705 1640 2738 Strom.

452 2776 465 2803 ¹,
479 2764 647 2803 τοκετοῦ,
664 2758 861 2805 ἀποβολῆς,
929 2762 1000 2801 VII,
1018 2771 1048 2804 7,
1060 2770 1103 2804 49
1119 2772 1150 2805 p.
1164 2760 1242 2800 861;
1267 2759 1439 2804 Chrysost.
1455 2758 1507 2792 De
1520 2758 1642 2793 Lazaro

451 2826 488 2857 ις,
521 2816 648 2859 κηδίας
679 2818 811 2859 νεκροῦ
842 2812 862 2858 ἢ
927 2816 1017 2849 hom.
1042 2815 1097 2855 111,
1124 2825 1157 2855 13
1182 2815 1216 2848 In
1238 2814 1323 2848 Gen.
1347 2814 1436 2848 horn.
1460 2814 1582 2852 XXIX,
1606 2822 1641 2854 23

451 2880 505 2909 τος
526 2866 742 2913 ἢδιαφορᾶς
763 2873 862 2913 flom-
928 2870 1062 2903 Hieron.
1087 2869 1146 2912 Ep.
1173 2877 1212 2910 52
1235 2868 1275 2901 ad
1299 2868 1419 2912 Nepot.
1444 2878 1472 2901 c.
1496 2877 1526 2910 7.

451 2934 488 2958 ιο.
510 2935 550 2958 ετ
572 2924 721 2959 ῦοιωτπ.
745 2934 795 2958 ΑΡ.
842 2925 865 2958 1.
1471 2925 1512 2956 24
