2457 3436
969 278 1102 308 CAPITA
1130 278 1332 308 annmcu.
1819 270 1894 307 123

403 374 636 415 introituum
666 376 783 416 trium
804 381 1028 415 sanctorum
1051 383 1120 424 est,
1151 389 1220 429 per
1239 388 1339 429 quos
1360 375 1557 428 ingressus
1579 382 1637 416 est
1657 375 1894 428 unigenitus,

401 439 551 481 scilicet
580 440 761 493 passione
796 447 832 481 et
861 446 991 480 morte
1025 453 1093 481 sua
1127 453 1199 493 pro
1237 438 1350 480 nobis
1386 447 1422 480 et
1459 437 1743 481 resurrectione
1777 454 1844 481 sua
1874 455 1894 481 a

403 504 571 545 mortuis
607 512 645 545 et
682 505 910 546 ascensione
939 518 1007 545 sua
1036 504 1082 545 ad
1113 504 1253 545 caelos.
1313 516 1348 557 3.
1378 504 1425 545 Et
1453 504 1573 554 cibus,
1610 518 1689 558 quo
1719 512 1895 546 vescatur

403 569 613 623 episcopus
642 583 747 610 anno
775 570 907 610 ieiunii
943 570 1014 618 sui,
1050 570 1099 610 sit
1134 570 1243 623 panis
1279 576 1318 610 et
1351 569 1404 610 sal
1441 577 1479 610 et
1514 569 1644 610 oleum
1682 577 1720 610 et
1749 570 1825 610 mel
1856 578 1894 611 et

403 633 529 684 olera3
550 635 684 675 vinum
707 641 835 675 autem
858 648 938 675 uon
960 641 1097 675 sumat.
1134 649 1171 687 4.
1192 634 1239 675 Et
1255 633 1445 688 reliquum
1460 635 1560 675 vitae
1576 649 1666 675 suae
1683 633 1892 689 (spatium)

405 698 565 747 ieiunet,
608 707 794 753 quantum
837 705 979 752 potest,
1020 705 1057 740 et
1094 698 1221 740 cibum
1261 699 1521 740 necessarium
1561 706 1688 740 sumat
1724 698 1892 740 modice.

405 762 576 804 Carnem
606 770 736 804 autem
767 778 847 804 non
879 763 978 814 edat,
1006 778 1087 804 non
1105 765 1206 818 quia,
1237 778 1325 805 cum
1356 778 1441 804 eam
1462 763 1561 814 edat,
1591 778 1633 805 se
1653 764 1893 818 coinquinet,

404 827 473 869 sed
502 842 554 869 ne
581 836 716 882 gravet
746 843 816 870 cor
848 843 961 869 suum
997 843 1096 870 neve
1132 828 1312 870 obscuret
1347 828 1584 870 intellectum
1621 843 1734 870 suum
1771 836 1810 870 et
1839 829 1894 869 in-

405 892 540 934 habilis
574 892 639 935 fiat
673 893 830 947 vigilare
866 907 954 934 cum
990 894 1131 948 quiete.
1191 906 1226 945 5.
1262 893 1344 943 Qui
1384 893 1512 935 studet
1553 892 1739 948 perficere
1775 907 1893 948 opera

407 958 613 1008 eiusmodi,
643 957 908 1000 infirmitatem
939 959 1070 1013 potius
1099 958 1169 999 sibi
1191 958 1334 1012 eligere
1355 958 1488 1009 debet3
1518 959 1584 1012 qui
1615 972 1707 999 vero
1732 958 1893 999 infirmi-

405 1030 525 1064 tatem
555 1022 649 1071 vult‚
678 1037 762 1064 non
791 1030 950 1077 oportet
976 1037 1065 1064 eum
1086 1024 1261 1077 accipere
1282 1037 1338 1074 ea,
1369 1037 1466 1077 quae
1487 1022 1710 1064 confortant
1739 1037 1892 1077 corpus.

407 1089 442 1128 6.
473 1087 648 1138 Quando
678 1096 806 1129 autem
838 1089 1045 1142 episcopus
1074 1087 1139 1129 illo
1160 1101 1265 1129 anno
1285 1088 1454 1141 graviter
1473 1095 1649 1142 aegrotat
1668 1102 1741 1129 nec
1762 1096 1893 1142 potest

406 1152 607 1206 perficere,
628 1167 726 1208 quae
745 1153 926 1203 diximus,
948 1160 1075 1194 utatur
1096 1153 1200 1208 pisce
1217 1161 1256 1194 et
1270 1153 1365 1194 vino
1381 1144 1537 1194 modice
1553 1167 1622 1208 per
1637 1152 1719 1194 dies
1735 1167 1893 1208 paucos,

406 1231 455 1258 ne
483 1218 533 1258 sit
562 1216 725 1259 afflictus
755 1231 853 1259 neve
889 1217 1049 1258 ecclesia
1083 1218 1131 1259 sit
1165 1218 1250 1258 sine
1285 1218 1366 1258 eius
1401 1218 1593 1271 regimine
1626 1232 1670 1258 ac
1706 1217 1892 1259 doctrina.

406 1296 443 1335 7.
479 1283 656 1336 Operam
692 1290 819 1332 navet,
855 1290 896 1323 ut
932 1290 1059 1324 sumat
1093 1284 1276 1337 mysteria
1304 1282 1460 1332 cotidie,
1496 1283 1568 1323 nisi
1599 1283 1807 1323 necessitas
1836 1291 1894 1325 est

405 1347 467 1402 (id
497 1361 580 1388 non
608 1347 770 1402 facere),
799 1355 841 1389 ut
870 1361 939 1402 per
968 1362 1011 1389 ea
1039 1348 1141 1389 vivat
1171 1348 1494 1401 omnitempore,
1525 1347 1668 1388 bonam
1691 1349 1893 1388 conscien-

403 1413 498 1454 tiam
529 1412 687 1454 habens.
745 1413 782 1454 8.
818 1413 866 1454 Et
894 1413 987 1454 sciat
1017 1413 1151 1453 omnia
1186 1426 1272 1453 esse
1306 1412 1381 1454 luci
1416 1419 1453 1454 et
1487 1413 1571 1453 sine
1606 1412 1787 1466 passione
1822 1412 1892 1454 sibi

405 1477 653 1532 exsequenda
682 1491 780 1528 esse,
810 1485 851 1519 ut
881 1491 926 1519 ea
954 1477 1087 1519 afferat
1115 1491 1249 1519 coram
1279 1477 1340 1518 illa
1369 1478 1409 1518 in
1438 1478 1722 1519 testimonium.
1781 1490 1817 1529 9.
1848 1478 1894 1519 Et

403 1556 659 1597 quaecunque
689 1542 817 1592 docet,
845 1543 951 1592 sciat,
982 1541 1030 1583 de
1061 1543 1115 1583 eis
1143 1542 1321 1596 loquens,
1351 1556 1393 1583 se
1423 1556 1466 1583 ea
1492 1541 1640 1592 fecisse,
1672 1543 1890 1596 priusquam

404 1622 450 1648 ea
479 1607 610 1649 docet.
666 1607 783 1657 Sciat,
812 1621 1064 1662 quaecunque
1094 1607 1276 1662 loquitur,
1306 1622 1395 1648 cum
1427 1607 1538 1648 omni
1560 1606 1803 1648 certitudine.
1852 1607 1892 1648 Si

402 1673 489 1724 scit,
519 1687 617 1728 quae
636 1672 819 1727 loquitur,
849 1673 963 1714 etiam
986 1672 1187 1714 audientes
1206 1674 1343 1723 scient,
1372 1686 1470 1726 quae
1491 1671 1672 1726 loquitur.
1726 1685 1785 1714 10.
1815 1672 1894 1713 De-

403 1737 497 1779 inde
526 1745 618 1791 post
647 1737 741 1779 haec
769 1738 926 1791 incipiat
955 1737 1080 1779 facere
1100 1737 1308 1790 liturgiam,
1339 1744 1377 1779 et
1408 1737 1508 1778 dicat
1528 1737 1748 1778 orationem
1778 1738 1892 1790 grati—

402 1817 515 1844 arum
544 1803 710 1844 actionis
740 1803 923 1858 primum,
954 1809 992 1843 et
1022 1809 1156 1856 postea
1186 1801 1347 1843 sedente
1377 1802 1524 1856 populo
1554 1801 1654 1843 dicat
1678 1801 1748 1842 illis
1777 1801 1894 1842 inter·

403 1869 666 1922 pretationem
696 1867 802 1909 verbi
831 1867 1015 1909 librorum
1046 1881 1259 1916 sacrorum,
1290 1875 1329 1908 et
1357 1866 1495 1908 doceat
1524 1867 1756 1921 probitatem
1776 1867 1890 1916 vitae,

403 1940 444 1974 et
472 1932 575 1975 dicat
592 1932 861 1988 psalmodiam.
915 1946 929 1973 1
943 1946 974 1973 1.
1004 1932 1111 1974 Tum
1131 1931 1333 1987 presbyter
1351 1931 1483 1973 afferat
1503 1946 1643 1985 panem
1675 1938 1712 1972 et
1733 1931 1890 1972 calicem

403 1998 672 2048 eucharistiae,
693 2005 731 2039 et
753 1999 958 2051 episcopus
977 1997 1110 2039 afferat
1129 2004 1191 2038 tus
1212 2006 1250 2038 et
1271 1998 1479 2038 circumeat
1499 1996 1615 2037 altare
1636 1997 1675 2036 in
1697 1996 1891 2037 honorem

401 2070 562 2105 sanctae
580 2063 772 2113 trinitatis,
793 2070 832 2104 et
851 2063 1022 2117 porrigat
1043 2062 1251 2104 turibulum
1274 2060 1515 2116 presbytero,
1545 2069 1584 2103 et
1604 2062 1665 2102 hic
1686 2062 1895 2102 circumeat

403 2142 495 2169 cum
517 2142 567 2168 eo
587 2129 627 2168 in
648 2127 807 2181 populo.
843 2140 902 2169 12.
924 2127 1027 2168 Cum
1046 2135 1174 2168 autem
1197 2126 1429 2182 perfecerint
1449 2125 1719 2180 psalmodiam,
1741 2125 1894 2167 diaconi

403 2192 538 2245 legant
554 2192 758 2247 pericopas
778 2206 800 2233 e
820 2191 940 2233 verbo
960 2191 1179 2246 apostolico
1200 2200 1239 2233 et
1258 2191 1387 2232 dicant
1411 2191 1583 2245 hymnos
1603 2205 1650 2231 ex
1670 2190 1838 2244 psalmis.

446 2309 478 2342 4.
494 2300 690 2334 Vanslebius
708 2300 728 2334 l.
745 2311 773 2334 c.
789 2312 819 2345 p.
840 2310 873 2343 15
893 2300 1000 2338 refert.
1018 2301 1118 2334 vitam

405 2354 607 2399 patriarchae
643 2355 848 2398 Coptitarum
888 2355 1116 2388 abstinentiam

405 2409 595 2443 continuam
619 2418 693 2442 esse
700 2420 710 2449 3
733 2418 874 2452 namque
892 2418 967 2441 eum
985 2419 1116 2441 carnem

404 2473 472 2497 non
484 2463 593 2504 edere,
605 2464 718 2496 vinum
730 2462 892 2496 rarissime
906 2463 1025 2502 bibere,
1035 2473 1116 2507 quo-

404 2517 492 2551 niam
510 2518 645 2551 maioris
660 2517 751 2561 pretii
771 2517 800 2549 ei
813 2517 864 2556 sit,
880 2522 943 2550 etc.
967 2517 1116 2561 Cumque

405 2582 435 2616 p.
452 2580 488 2614 33
503 2571 664 2615 episcopo
682 2576 871 2614 perpetuam
889 2571 1118 2604 abstinentiam

405 2626 490 2659 dicat
506 2625 744 2659 observandam
761 2635 844 2664 esse,
868 2625 966 2658 etiam
983 2625 1029 2658 illi
1048 2635 1117 2657 car-

405 2680 454 2712 nis
477 2689 571 2713 esum
594 2679 800 2712 interdictum
824 2689 898 2712 esse
921 2680 1041 2712 annuit.

447 2733 478 2767 8.
502 2733 554 2777 ea]
576 2744 623 2767 sc.
640 2733 807 2777 mysteria,
826 2738 860 2766 ut
875 2743 893 2766 e
912 2744 1007 2766 versu
1026 2743 1117 2777 prae-

406 2787 533 2821 cedenti
556 2786 773 2831 supplendum
799 2798 872 2821 esse
895 2788 1031 2820 videtur.

1231 2310 1278 2334 10.
1302 2301 1475 2332 orationem
1498 2311 1548 2342 gr.
1567 2300 1719 2331 actionem
1739 2299 1894 2342 primum]

1183 2355 1320 2387 Ineunte
1354 2354 1482 2398 liturgia
1516 2353 1692 2396 gratiarum
1729 2352 1894 2385 actionem

1184 2408 1337 2441 exhibent
1349 2408 1496 2451 liturgiae
1516 2407 1643 2450 coptica
1656 2412 1687 2439 et
1700 2406 1893 2450 aethiopica.

1184 2462 1236 2496 Cf.
1244 2462 1425 2502 Renaudot,
1434 2462 1598 2505 Liturgiae
1609 2461 1725 2493 orient.
1733 2460 1756 2500 1,
1769 2460 1837 2502 38—
1845 2469 1857 2501 5
1869 2470 1894 2500 1;

1182 2525 1359 2559 472—475;
1375 2516 1573 2554 Hammond,
1593 2514 1752 2557 Liturgies
1763 2514 1895 2547 Easdem

1183 2572 1248 2603 and
1259 2571 1398 2603 Western
1411 2571 1491 2613 1878
1504 2581 1534 2613 p.
1545 2579 1602 2612 193
1612 2578 1714 2611 ›-⁴233;
1725 2569 1893 2610 238-264.

1184 2624 1378 2657 Vanslebius
1396 2624 1417 2658 l.
1434 2635 1462 2657 c.
1479 2635 1510 2667 p.
1529 2633 1590 2667 194
1607 2623 1755 2656 ordinem
1775 2623 1893 2655 missae

1184 2679 1330 2722 copticae
1367 2678 1555 2711 describens
1593 2676 1684 2711 dicit:
1735 2677 1894 2710 Sacerdos

1184 2733 1318 2765 missam
1337 2732 1449 2776 incipit
1465 2732 1612 2765 oratione
1626 2732 1802 2774 gratiarum
1815 2732 1895 2764 acti-

1184 2796 1266 2820 onis.

1921 972 1960 1001 10

1921 1294 1958 1326 15

1916 1620 1959 1649 20

1917 1942 1958 1973 25
