2457 3436
666 374 983 404 consu-rumonm
1012 374 1280 404 APOS'rommm
1309 375 1348 410 ιι,
1378 378 1430 413 46,
1453 376 1570 412 snum,
1597 378 1624 407 1.
1809 366 1884 404 143

434 469 519 512 ‘tau‘
583 473 622 512 6.
643 466 778 519 οὕτως
794 469 874 524 γὰρ
894 467 1046 513 θέλει(
1026 487 1051 511 ο
1070 469 1211 523 κύριος
1231 469 1403 524 ἀληθῶς
1422 468 1523 512 εἶναι
1543 467 1674 512 αὐτοῦ
1691 470 1885 524 μαθητὰς

435 536 454 577 2
483 536 615 589 μηδὲν
649 535 753 588 ἔχειν
788 535 895 577 κατὰ
928 535 1105 590 μηδενὸς
1138 535 1322 585 πώποτε,
1359 532 1448 576 οἷον
1483 532 1608 589 ὀργὴν
1645 533 1823 595 ἄμετρον
1859 534 1882 587 η’

435 599 526 660 Q
555 599 759 653 ἀνήμερον
786 598 813 653 ἢ
832 601 1056 652 ἐπιθυμίαν
1085 598 1229 642 ἄδικον
1257 598 1282 653 ἢ
1304 609 1420 652 μῖσος
1448 598 1670 642 ἄσπονδον.
1719 614 1756 653 7.
1786 615 1884 649 τοῖς

436 680 465 706 ν
491 664 781 719 ὀργιζομένους
808 666 1068 718 συμβιβάςετε
1102 667 1160 714 είς
1187 669 1341 718 φιλίαν,
1375 665 1474 714 τοὺς
1505 666 1824 718 ὲχθραίνοντας’
1827 666 1883 713 εἰς

436 729 604 781 ἑνοιαν,
635 728 700 773 ὅτι
727 732 829 784 λέγει
859 729 1017 784 κύριος·
1047 730 1282 782 ηΜακάριοι
1310 730 1349 772 οἱ
1376 731 1487 784 εἰρηι
1479 733 1639 780 οποιοί,
1670 726 1735 772 ὅτι
1763 729 1881 771 αυτοὶ
1927 738 1948 770 5

435 795 466 837 ἢ
493 799 604 836 θεοῦ
632 795 954 855 ᾞθήσονταιῆ

491 860 659 902 XLVII.
703 861 756 902 Τὰ
791 860 1033 915 δικαστήρια
1070 859 1191 913 ὑμῶν
1228 862 1409 914 γινέσθω
1448 862 1615 915 δευτέρᾳ
1650 859 1881 910 σαββάτων,

436 940 514 975 ως,
554 925 630 966 ἐὰν
655 923 868 978 ἀντιλογία
895 931 947 978 τῇ
976 922 1181 978 ἀποφάσει
1209 922 1327 979 ὑμῶν
1354 926 1531 979 γένηται,
1569 923 1648 974 ἕως
1676 923 1882 975 σαββάτου

436 1005 549 1038 ντες
577 989 719 1032 ἄδειαν
735 992 977 1045 δυνηθείητε
998 989 1175 1032 εὐθῦναι
1203 990 1279 1042 τὴν
1298 989 1537 1044 ἀντιλογίαν
1555 992 1624 1031 καὶ
1652 991 1879 1044 είρηνεῦσαι

464 1054 550 1108 τὴν
578 1055 781 1107 κυριακὴν
807 1054 907 1104 τοὺς
936 1057 1251 1108 διαφερομένους
1277 1054 1385 1107 πρὸς
1413 1054 1624 1109 ἀλλήλους.
1681 1057 1880 1107 συμπαρέ-
1908 1064 1947 1095 10

436 1133 555 1162 m
589 1121 635 1162 δὲ
662 1125 723 1172 τῷ
752 1121 1001 1175 δικαστηρίῳ
1034 1122 1103 1162 καὶ
1137 1120 1178 1162 οὶ
1205 1120 1390 1162 διάκονοι
1424 1121 1494 1162 καὶ
1527 1119 1567 1162 οἱ
1600 1118 1879 1173 πρεσβύτεροι,

438 1185 786 1239 ροσωπολήπτως
820 1187 1032 1238 κρίνοντες
1065 1184 1123 1233 ὡς
1157 1190 1290 1235 ,,θεοῦ
1318 1184 1567 1238 ἄνθρωποί*
1600 1183 1701 1238 μετὰ
1729 1186 1881 1226 δικαιο·

436 1264 524 1309 m
573 1262 611 1291 2.
640 1251 985 1304 παραγενομένων
1012 1245 1089 1292 οὖν
1111 1249 1316 1304 ἑκατέρων
1346 1254 1433 1291 τῶν
1450 1249 1704 1303 προσώπων,
1733 1249 1880 1298 καθὼς

437 1316 453 1373 ζ
479 1311 506 1357 ὁ
540 1314 683 1369 Νόμος
710 1317 832 1368 λέγει·
862 1315 1122 1369 ,,Στήσονται
1152 1314 1338 1368 ἑκάτεροι
1367 1316 1413 1357 ἐν
1439 1317 1550 1368 μέσῳ
1578 1319 1639 1367 τῷ
1668 1317 1878 1368 κριτηρίῳ,

436 1396 447 1427 ς
472 1379 589 1422 ἔστιν
617 1377 915 1434 ἡᾶντιλογία“·
944 1382 1015 1422 καὶ
1030 1379 1280 1429 ἀκούσαντες
1306 1378 1462 1432 αὐτῶν,
1492 1379 1617 1429 ὁσίως
1640 1379 1878 1433 ἀνενέγκατε
1906 1387 1946 1419 15

438 1461 461 1493 ς
499 1445 678 1523 ψήφους,
717 1445 1017 1498 σπουδάζοντες
1053 1448 1198 1497 φίλους
1235 1445 1386 1495 αὐτοὺς
1422 1444 1677 1500 ἀμφοτέρους
1713 1451 1878 1500 ποιῆσαι

438 1511 489 1551 a»
520 1508 765 1563 ἀποφάσεως
800 1515 872 1565 τῆς
903 1516 983 1553 τοῦ
1009 1510 1249 1561 ἐπισκόπου,
1285 1510 1399 1560 ὅπως
1432 1511 1486 1566 μὴ
1517 1511 1681 1563 ἐξέλθοι
1714 1511 1780 1552 ἐπὶ
1808 1516 1880 1564 γῆς

438 1577 523 1624 »lo«,-
553 1575 659 1617 κατὰ
690 1580 767 1618 τοῦ
802 1574 1124 1630 ἁμαρτήσαντος,
1157 1577 1314 1618 καθότι
1352 1592 1418 1618 και
1455 1577 1500 1618 ἐν
1535 1580 1596 1628 τῷ
1633 1577 1881 1629 δικαστηρίῳ

438 1638 613 1694 W
638 1641 716 1694 ἔχει
743 1643 813 1683 καὶ
839 1653 915 1683 συι·
917 1645 1062 1694 ίστορα
1088 1647 1161 1695 τῆς
1198 1643 1309 1695 δίκης
1344 1641 1422 1684 τὸν
1452 1641 1633 1694 Χριστὸν
1658 1645 1736 1681 τοῦ
1766 1643 1878 1681 θεοῦ.

438 1705 501 1747 el
524 1706 569 1747 δέ
598 1720 705 1755 τινες
737 1706 783 1747 ἐν
815 1709 1084 1761 βλασφημίαις
1111 1710 1188 1749 τοῦ
1219 1707 1274 1760 μὴ
1306 1711 1446 1755 καλῶς
1480 1705 1638 1748 ὁδεύειν
1670 1706 1716 1747 ἐν
1750 1707 1880 1758 κυρίῳ
1903 1711 1946 1742 20

438 1769 619 1822 Μηοιντο
632 1769 718 1813 υπό
730 1786 858 1821 τινος,
871 1768 1023 1824 ὁμοίως
1037 1771 1289 1821 ἀκούσαντες
1304 1770 1512 1824 εκατέρων
1523 1776 1613 1812 τῶν
1625 1769 1878 1823 προσώπων,

438 1837 478 1874 νῦ
492 1850 532 1876 τε
439 1841 874 1895 κατηγοροῦντος
891 1839 960 1878 καὶ
979 1841 1055 1879 τοῦ
1073 1838 1443 1896 κατζαορουμένου,
1476 1834 1580 1878 ἀλλὰ
1599 1836 1654 1889 μὴ
1673 1835 1878 1888 προλήψει

439 1887 778 1969 Γ
518 1904 760 1953 μονομεροῦς,
790 1900 895 1943 ἀλλὰ
924 1901 1025 1952 μετὰ
1053 1901 1326 1956 δικαιοσύνης,
1356 1901 1414 1950 ὡς
1442 1899 1545 1954 ὑπὲρ
1574 1906 1680 1954 ζωῆς
1709 1902 1879 1942 αἰωνίου

439 1965 621 2006 θανάτου
640 1966 827 2015 διδόντες
849 1965 1110 2018 α’πόφασινῃ
1112 1968 1330 2015 ,Δικαίως“
1354 1965 1442 2018 γάρ,
1465 1969 1587 2026 Qum
1612 1964 1635 2008 ὃ
1662 1966 1805 2015 θεός,,
1808 1967 1879 2015 ,-δι

439 2025 499 2078 ‘fist
518 2029 564 2070 τὸ
581 2031 764 2072 δίκαιον“
776 2043 784 2051 ·
813 2028 838 2072 ὁ
859 2031 937 2085 γὰρ
965 2033 1131 2080 δικαίως
1149 2034 1397 2086 τιμωρηθεὶς
1425 2035 1493 2072 καὶ
1514 2030 1755 2083 α’φορισθεὶς
1780 2046 1866 2083 παρ
1903 2035 1944 2067 25

439 2086 513 2142 ’1βᾶ
534 2096 701 2138 αἰωνίου
728 2100 834 2150 ζωῆς
861 2098 929 2138 καὶ
957 2096 1078 2151 δόξης
1110 2095 1344 2151 ἀπόβλητος
1372 2098 1537 2149 γέγονεν
1565 2099 1633 2138 καὶ
1669 2095 1780 2149 παρὰ
1809 2095 1879 2137 άν-

439 2156 577 2209 θρόποις
604 2157 732 2210 οσίοις
760 2177 905 2214 ατιμος
932 2163 999 2203 καὶ
1026 2161 1139 2215 παρὰ
1169 2166 1258 2214 θεῷ
1286 2161 1519 2209 κατάδικος.

504 2223 671 2268 XLVIII.
708 2226 778 2280 Μὴ
811 2226 944 2279 πάσης
978 2227 1021 2268 δὲ
1055 2224 1254 2280 ἁμαρτίας
1286 2226 1364 2280 τὴν
1397 2225 1528 2280 αὐτὴν
1564 2230 1749 2268 ποιεῖσθε
1777 2224 1880 2266 άπά-

439 2297 529 2339 Μιν,
567 2286 650 2331 ἀλλ’
683 2290 855 2345 ἑκάστης
898 2292 1016 2341 ἰδίαν,
1057 2291 1158 2345 μετὰ
1198 2295 1356 2344 πολλῆς
1394 2290 1632 2345 φρονήσεως
1670 2293 1881 2343 κρίνοντες

440 2349 643 2362 x-——.

502 2378 520 2408 5
539 2375 595 2409 Mt.
614 2386 642 2419 5,
657 2386 687 2421 9.
713 2397 752 2402 —
779 2381 819 2411 12
842 2377 856 2410 1
881 2377 967 2411 Tim.
991 2378 1021 2419 6,
1041 2387 1090 2412 11.
1114 2398 1156 2403 —
1181 2381 1222 2412 14
1244 2378 1342 2412 Deut.
1365 2388 1413 2422 19,
1433 2388 1480 2420 17.
1506 2397 1544 2400 —-
1569 2382 1610 2411 24
1635 2377 1733 2409 Deut.
1760 2375 1810 2414 16,
1828 2385 1879 2408 20.

503 2455 518 2485 1
540 2449 688 2495 ἀληθεῖς
710 2453 731 2486 b
755 2462 776 2486 ο
795 2454 801 2495 Ι
820 2456 842 2487 2
865 2449 1056 2496 α’μέτριτον
1078 2454 1098 2487 b
1121 2457 1208 2496 013
1232 2450 1254 2497 ἢ
1277 2465 1314 2498 pr
1337 2459 1381 2493 >
1398 2454 1418 2486 b
1441 2457 1528 2493 014
1552 2454 1758 2496 συμβίβαζε
1782 2451 1802 2484 b
1826 2461 1877 2495 01

454 2503 554 2547 τόσως
573 2517 593 2540 a
614 2507 636 2540 b
657 2506 680 2540 h
704 2517 726 2540 ο
750 2518 758 2540 :
782 2502 803 2540 ὃ
825 2519 859 2540 κ.
883 2518 904 2551 p
927 2518 948 2540 v
970 2509 977 2549 Ι
1007 2511 1029 2542 8
1051 2505 1256 2551 ἀντιλογίας
1280 2504 1300 2551 ἦ
1325 2509 1384 2550 (τῆ
1408 2518 1429 2541 o
1452 2508 1483 2550 P)
1506 2504 1689 2548 ἀπόφασις
1711 2507 1821 2548 (-σεις
1842 2506 1881 2546 ο)

453 2561 487 2599 01
502 2561 630 2602 γίνεται
653 2561 677 2594 h
707 2562 714 2602 Ι
744 2563 765 2595 9
788 2563 979 2603 δυνηθεῖτε
1001 2572 1032 2601 a,
1059 2565 1198 2596 -θεῖται
1222 2562 1253 2602 b,
1275 2558 1402 2605 -θήται
1427 2572 1449 2594 o
1481 2572 1483 2602 ι
1518 2564 1559 2595 18
1582 2558 1881 2603 παραγινομένων

452 2620 502 2656 ορ
521 2624 540 2646 v
559 2616 563 2654 Ι
585 2618 623 2649 14
644 2616 709 2649 καὶ
731 2619 777 2654 >
801 2626 822 2659 p
845 2627 865 2648 v
887 2615 943 2658 ΑΙ
967 2619 1057 2656 14115
1080 2617 1144 2650 καὶ
1167 2635 1207 2639 -
1233 2613 1331 2650 ἔστιν
1351 2620 1395 2655 >
1419 2616 1439 2648 b
1462 2626 1485 2648 0
1505 2618 1510 2655 ι
1542 2618 1583 2649 16
1603 2616 1728 2657 φίλους
1750 2610 1881 2652 αὐτοὺς

452 2674 677 2711 ορνεωι
701 2669 810 2710 ΒΙΠ
834 2667 1094 2712 ἐξὲλθηῦὶιὸ
1117 2669 1380 2713 ἐν>ϋο119
1404 2670 1772 2714 ψῆφονδοίτῆςδ.
1796 2680 1803 2701 :
1829 2667 1881 2707 εἰς

440 2719 529 2763 'avb
542 2732 563 2755 o
582 2725 587 2762 Ι
605 2726 645 2757 21
663 2721 850 2766 ἐλέγχοιτο
865 2723 951 2766 (έλλ.
970 2725 1008 2766 ο)
1023 2724 1043 2756 b
1063 2734 1084 2757 0
1105 2725 1111 2766 1
1129 2727 1172 2759 23
1186 2723 1277 2767 μηδέ
1293 2736 1300 2757 :
1319 2721 1339 2767 ἢ
1357 2735 1378 2768 p
1395 2735 1414 2756 v
1435 2725 1439 2764 !
1460 2719 1509 2763 ὥς
1525 2719 1614 2766 ὑπὲρ
1632 2735 1638 2755 :
1656 2717 1780 2765 ὥσπερ
1799 2722 1819 2755 b
1835 2732 1856 2755 o
1874 2724 1877 2763 ζ

440 2772 576 2815 ἰδόντες
595 2787 617 2820 p
638 2788 660 2810 v
679 2779 685 2818 1
705 2777 846 2816 δίκαιος
868 2778 888 2811 b
913 2788 946 2810 m
969 2788 990 2822 p
1010 2781 1015 2820 Ι
1035 2781 1078 2813 25
1100 2775 1184 2821 παρ’
1208 2790 1215 2811 z
1240 2777 1279 2818 ἐξ
1301 2778 1332 2818 b,
1356 2774 1417 2820 ἀφ’
1441 2788 1462 2810 o
1482 2780 1486 2820 Ι
1506 2781 1549 2812 26
1573 2776 1767 2821 γενόμενος
1790 2777 1810 2810 b
1826 2787 1848 2810 ο
1874 2783 1878 2817 1

440 2824 510 2870 ιρί
526 2833 532 2871 Ι
550 2833 592 2865 28
611 2826 761 2874 ἁπάσης
781 2831 802 2864 b
816 2842 839 2865 ο
857 2833 862 2872 Ι
881 2831 921 2866 δὲ
938 2836 982 2871 >
1000 2833 1020 2865 b
1037 2842 1058 2866 ο
1080 2833 1086 2875 Ι
1104 2834 1307 2876 ποιείσηται
1326 2830 1391 2875 τὴν
1406 2828 1518 2875 αὐτὴν
1535 2833 1554 2865 b
1571 2842 1592 2865 o
1612 2834 1618 2874 Ι
1637 2835 1679 2865 29
1705 2828 1856 2872 ἑκάστης
1871 2841 1879 2862 ;

440 2878 533 2918 ’ὄντα
554 2883 616 2927 τὴν
636 2885 656 2918 b
679 2895 703 2918 ο
