2457 3436
961 366 1187 396 monum
1214 366 1483 397 mmmmm.
1916 360 1966 399 55

472 461 575 515 παρ’
592 460 748 515 ἑτέρων
764 463 1046 516 βουλομένοις·
1076 461 1266 515 ἑκάτερος
1283 462 1359 517 γὰρ
1378 459 1586 506 ἀποδώσει
1612 463 1739 518 λόγον
1757 467 1889 517 κυρίῳ
1905 467 1968 518 τῷ

474 530 563 580 θεῷ
581 527 630 569 ἐν
647 523 773 582 ἡμέρᾳ
792 529 1000 581 κρίσεως“.
1049 525 1073 569 ὃ
1089 529 1166 580 μὲν
1190 527 1271 582 γὰρ
1299 525 1348 569 δι’
1370 526 1531 582 ἡλικίαν
1555 526 1753 582 ὀρφανίας
1780 527 1805 582 ἢ
1833 529 1969 584 γήρως

473 589 500 646 ἢ
527 590 756 645 ἀδυναμίαν
790 590 816 646 ἢ
843 590 974 634 νόσου
998 592 1270 646 πρόσπτωσιν
1305 591 1330 647 ἢ
1363 594 1523 635 τέκνων
1555 596 1841 647 πολυτροφίαν
1874 598 1969 647 λαμ-

473 655 630 707 βάνων,
668 654 691 699 ὁ
717 661 912 706 τοιοῦτος
945 656 997 699 ου’
1023 657 1155 710 μόνον
1184 656 1237 699 οὔ
1261 657 1553 712 μεμφθήσεται,
1583 655 1689 700 ἀλλὰ
1714 661 1782 700 καὶ
1810 660 1968 701 ἐπαινε-

474 721 666 776 θήσεται·
701 721 997 776 θυσιαστήριον
1023 721 1102 776 γὰρ
1128 727 1191 776 τῷ
1219 727 1308 776 θεῷ
1336 724 1619 777 λελογισμένος
1645 721 1731 766 ὑπὸ
1758 728 1833 765 τοῦ
1862 728 1969 766 θεοῦ
1992 735 2011 763 ι’)

473 786 747 841 τιμηθήσεται
781 786 946 836 α’όκνως
977 784 1082 841 ὑπὲρ
1115 793 1205 828 τῶν
1238 787 1442 830 διδόντων
1476 784 1594 842 αὐτῷ’
1620 790 1819 844 διηνεκῶς
1844 801 1970 842 προσ-

472 851 705 905 ευχόμενος,
739 848 819 894 οὐκ
852 851 990 906 α’ργαῖς
1024 852 1259 906 λαμβάνων,
1297 849 1402 895 ἀλλὰ
1430 858 1504 908 τῆς
1531 852 1685 902 δόσεως
1713 853 1859 904 αὐτοῦ,
1894 851 1969 909 ὅση

474 916 658 970 δύναμις,
686 916 766 959 τὸν
791 916 948 970 μισθὸν
976 917 1114 967 διδοὺς
1142 918 1209 959 διὰ
1237 922 1310 971 τῆς
1335 923 1578 973 προσευχῆς·
1609 917 1633 960 ὁ
1661 925 1853 967 τοιοῦτος
1881 913 1968 969 οὖν,

473 978 535 1031 ὥς
562 981 731 1036 εἴρηται,
763 980 849 1024 ὑπὸ
877 986 983 1025 θεοῦ
1010 982 1372 1037 μακαρισθήσεται.
1430 981 1453 1025 ὃ
1483 984 1526 1025 δὲ
1554 983 1660 1037 ἔχων
1693 986 1760 1025 καὶ
1788 980 1837 1027 δι’
1867 981 1970 1026 ὑπό·

473 1059 613 1101 κρισιν
638 1044 665 1102 ἢ
692 1044 836 1101 ἀργίαν
864 1048 1086 1101 λαμβάνων
1112 1048 1469 1103 κατακριθήσεται.
1995 1058 2036 1090 10

585 1125 624 1165 7.
668 1112 714 1154 C.
744 1113 792 1154 A.
823 1112 892 1164 IV,
923 1115 960 1155 6.
991 1127 1028 1167 7.
1059 1126 1096 1166 9.
1130 1126 1191 1155 10.
1236 1114 1399 1164 Quaest.
1428 1114 1504 1155 XII
1531 1128 1568 1168 p.
1603 1115 1690 1167 148.

581 1174 650 1219 Ἐκ
685 1181 774 1219 τῶν
813 1177 1106 1220 ἄποστολικιῦν
1138 1179 1447 1232 Διαταγμάτων.
1504 1178 1594 1232 Χρὴ
1630 1178 1707 1220 τὸν
1743 1179 1971 1221 ἐπίσκοπον

473 1242 637 1291 εἰδέναι,
656 1244 787 1284 τίνων
805 1240 956 1295 ὀφείλει
971 1244 1160 1296 δέχεσθαι
1173 1246 1468 1296 καρποφορίας,
1488 1246 1556 1285 καὶ
1569 1246 1699 1285 τίνων
1714 1241 1791 1285 οὐκ
1806 1240 1969 1295 ὀφείλει.

475 1308 701 1358 φυλακτέοι
719 1307 796 1361 γὰρ
812 1307 912 1361 παρ’
930 1304 1046 1361 αὐτῷ
1064 1308 1172 1361 πρὸς
1192 1308 1311 1350 δόσιν
1330 1308 1524 1363 κάπηλοι·
1555 1305 1633 1359 ,,οὐ
1652 1308 1971 1362 δικαιωθήσεται

473 1371 557 1425 γὰρ
583 1371 766 1427 κάπηλος
793 1371 877 1414 ἀπὸ
905 1370 1141 1426 ἁμαρτίας“.
1188 1376 1281 1426 περὶ
1309 1372 1453 1416 αὐτῶν
1481 1372 1558 1427 γάρ
1585 1389 1668 1415 που
1697 1376 1765 1416 καὶ
1789 1372 1968 1422 Ἡσαΐας·
1995 1383 2034 1413 15

475 1436 559 1487 „Ol
584 1437 765 1492 κᾶπηλοί
791 1449 867 1479 σου
894 1440 1082 1492 μίσγουσι
1110 1439 1187 1481 τὸν
1216 1437 1333 1481 οἶνον
1360 1435 1517 1481 &darei
1564 1440 1754 1490 φευκτέοι
1782 1440 1826 1481 δὲ
1853 1437 1971 1491 αὐτῷ

476 1503 548 1544 καὶ
574 1501 615 1544 οἶ
641 1502 811 1555 πόρνοι·
840 1502 922 1554 ,,οὕ
943 1506 1176 1555 προσοίσεις
1205 1504 1283 1557 γὰρ
1308 1508 1369 1556 τῷ
1389 1506 1518 1557 κυρίῳ
1544 1505 1739 1556 μίσθωμα
1766 1502 1968 1558 πόρνης“·

476 1569 547 1608 καὶ
565 1565 744 1621 ἅρπαγες
762 1570 831 1610 καὶ
849 1574 939 1611 τῶν
956 1565 1203 1622 ἅλλωτρίων
1222 1569 1468 1623 ἐπιθυμηταὶ
1494 1570 1563 1610 καὶ
1579 1571 1724 1621 μοιχοί,
1754 1570 1971 1619 βδελυκταὶ

476 1631 555 1686 γὰρ
583 1632 626 1673 αἱ
652 1632 821 1675 τούτων
848 1636 990 1676 θυσίαι
1017 1637 1079 1687 τῷ
1107 1638 1207 1687 θεῷ.
1257 1633 1362 1675 α’λλὰ
1389 1635 1458 1675 καὶ
1487 1633 1527 1676 οὶ
1555 1633 1818 1684 ἐπιθλίβοντες
1841 1632 1971 1687 χήραν

477 1699 547 1738 καὶ
583 1695 773 1750 ὀρφανὸν
806 1699 1234 1748 καταδυναστεῦοντες
1267 1700 1335 1740 καὶ
1376 1698 1450 1747 τὰς
1490 1698 1677 1751 φυλακὰς
1714 1702 1971 1752 πληροῦντες
1994 1707 2036 1736 20

470 1758 680 1820 ,ἀναιτίων
707 1759 733 1817 ἢ
760 1765 934 1812 καὶτοῖς
955 1762 1118 1806 ἑαυτῶν
1147 1765 1321 1813 οἰκέταις
1348 1768 1542 1819 πονηρῶς
1556 1764 1773 1817 χροόμενοι,
1801 1767 1971 1817 πληγαῖς

476 1829 546 1869 καὶ
583 1830 688 1880 λιμῷ
728 1829 797 1870 καὶ
823 1831 1073 1884 κακοδουλία
1108 1826 1134 1883 ἢ
1163 1831 1231 1870 καὶ
1256 1829 1439 1878 πολλοὺς
1466 1828 1755 1882 λυμαινόμενοι
1782 1829 1971 1880 φευκτέοι

476 1891 663 1934 ἔστωσάν
692 1903 771 1942 σοι,
809 1888 845 1933 ὦ
873 1893 1080 1943 ἐπίσκοπε,
1110 1896 1179 1935 καὶ
1206 1893 1248 1935 αἱ
1276 1893 1441 1935 τούτων
1468 1895 1712 1946 προσφοραί.
1767 1896 1972 1946 παραιτοῦ

588 2014 630 2045 14
651 2010 713 2044 Sir.
737 2009 788 2052 26,
813 2020 865 2055 29.
889 2030 929 2036 -—
954 2014 994 2046 16
1016 2011 1078 2045 les.
1104 2022 1131 2053 1,
1157 2021 1209 2045 22.
1234 2030 1273 2037 —
1299 2016 1339 2045 17
1363 2011 1459 2045 Deut.
1484 2021 1534 2054 23,
1559 2012 1608 2045 18.

589 2122 607 2153 1
625 2117 756 2163 ἑτέρων
772 2119 793 2152 d
810 2118 828 2152 f
841 2119 863 2152 h
879 2131 899 2163 p
915 2130 931 2152 r
948 2119 977 2152 C
995 2132 1003 2152 ε
1021 2118 1157 2163 ἑτέροις
1171 2130 1190 2152 a
1207 2132 1228 2152 v
1247 2120 1277 2153 G
1295 2120 1300 2163 Ι
1326 2123 1347 2154 2
1362 2115 1501 2162 ἡλικίας
1519 2119 1550 2152 G
1568 2120 1575 2160 Ι
1594 2116 1727 2162 γήρους
1740 2119 1774 2159 h,
1798 2115 1911 2163 γήρας
1927 2131 1947 2151 ν
1966 2132 1969 2160 !

477 2177 499 2208 3
515 2170 714 2215 ἀδυναμίας
728 2173 749 2206 d
764 2173 806 2214 G,
823 2175 996 2215 δυναμίας
1012 2173 1035 2207 h
1053 2174 1059 2216 Ι
1078 2171 1169 2216 πρὸς
1182 2177 1321 2208 πτῶσιν
1336 2173 1367 2206 G
1385 2175 1391 2215 Ι
1411 2178 1433 2207 4
1448 2169 1468 2207 ὃ
1480 2185 1511 2208 τ.
1526 2185 1534 2206 :
1549 2167 1605 2208 ὅτι
1620 2166 1726 2212 οὗτος
1743 2173 1763 2206 d
1782 2175 1788 2214 Ι
1808 2177 1828 2207 5
1845 2175 1973 2207 θυσια-

477 2224 627 2271 στήριον
647 2230 691 2267 >
715 2226 737 2260 h
767 2229 773 2269 Ι
804 2230 855 2269 file
879 2225 1140 2271 θυσιαστήριον
1162 2248 1204 2253 -
1225 2225 1465 2271 τιμηθήσεται
1489 2231 1533 2268 >
1557 2239 1575 2260 a
1602 2230 1609 2269 Ι
1637 2231 1656 2261 5
1679 2230 1744 2262 τοῦ
1764 2232 1809 2266 >
1833 2227 1854 2260 d
1875 2227 1898 2260 h
1921 2238 1942 2259 ν
1966 2227 1970 2268 Ι

477 2284 530 2316 τῶ
553 2284 633 2316 θεῶ
657 2281 674 2314 f
693 2282 699 2323 Ι
725 2285 745 2316 6
767 2278 910 2321 ἀόκνως
935 2285 972 2322 -Ι-
1001 2279 1259 2325 θυσιαστήριον
1281 2281 1312 2315 G
1336 2284 1343 2322 1
1367 2285 1419 2320 617
1442 2293 1546 2325 προσ.
1570 2284 1658 2324 όιην.
1682 2281 1699 2314 f
1721 2283 1726 2324 Ι
1752 2285 1771 2315 7
1795 2278 1908 2324 α’ργὸς
1929 2280 1947 2313 f
1967 2283 1971 2314 Ι

476 2330 546 2379 ὅση
572 2347 579 2368 :
603 2331 654 2374 ὥς
674 2330 695 2378 ἦ
715 2346 732 2368 r
750 2337 756 2377 Ι
774 2337 795 2370 9
819 2332 864 2369 δι’
884 2340 929 2375 >
954 2347 974 2380 p
995 2338 999 2377 Ι
1028 2339 1068 2370 10
1089 2333 1396 2379 κατακριθήσεται
1422 2347 1441 2369 a
1465 2336 1486 2368 d
1504 2336 1520 2368 f
1535 2335 1558 2368 h
1576 2347 1596 2379 p
1613 2347 1651 2368 r:
1669 2338 1706 2374 -Ι-
1727 2330 1797 2370 ὑπὸ
1815 2336 1973 2378 Χριστοῦ

477 2393 543 2425 τοῦ
568 2392 661 2424 θεοῦ
678 2386 780 2433 ἡμῶν
801 2402 822 2422 ν
838 2389 870 2423 G
889 2392 895 2431 Ι
916 2393 956 2424 12
979 2386 1179 2431 διατάξεων
1195 2390 1216 2423 d
1233 2401 1251 2424 e
1269 2391 1292 2423 h
1308 2402 1332 2432 r,
1356 2387 1583 2433 διαπράξεων
1599 2401 1619 2433 ρ
1640 2391 1644 2430 Ι
1668 2393 1707 2424 13
1725 2389 1975 2431 καρποφορίας

477 2445 500 2477 b
523 2444 544 2477 d
567 2454 586 2477 e
610 2443 628 2476 f
643 2443 667 2476 h
690 2454 710 2487 p
733 2454 750 2476 r
771 2443 800 2476 C
824 2455 832 2476 :
855 2444 931 2478 -ίαν
952 2454 972 2477 a
994 2456 1015 2476 v
1038 2443 1069 2477 G
1099 2446 1105 2486 Ι
1140 2447 1179 2477 14
1202 2447 1415 2486 φυλακταῖοι
1438 2454 1456 2476 a
1479 2443 1499 2476 b
1522 2455 1548 2484 r,
1577 2442 1726 2476 similiter
1749 2448 1874 2486 postea,
1908 2454 1974 2484 φυ-

478 2495 790 2541 λακτέονρΙγὰρ
814 2497 877 2531 bd
902 2497 1017 2531 ehc
1041 2510 1048 2531 :
1072 2503 1116 2538 >
1140 2497 1317 2542 afprv
1341 2494 1560 2540 Glnoep’>
1584 2495 1730 2540 ἱΙπρός
1752 2494 1854 2530 δόσιν
1876 2492 1974 2531 αὐτῶ

479 2551 515 2587 02
532 2565 566 2587 κ.
580 2551 598 2584 f
613 2553 619 2594 Ι
637 2548 728 2594 πρὸς
742 2549 844 2586 δόσιν
855 2556 898 2590 >
913 2563 928 2584 r
945 2554 951 2594 Ι
975 2555 1014 2586 15
1031 2550 1100 2596 γὰρ
1112 2557 1157 2592 >
1168 2563 1184 2585 r
1204 2552 1210 2596 Ι
1228 2549 1300 2586 α’πὸ
1312 2557 1356 2592 >
1369 2563 1389 2596 p
1411 2552 1415 2596 Ι
1435 2547 1609 2594 ἁμαρτίας
1622 2554 1660 2592 -Ι-
1673 2547 1919 2594 ἅμετανόητος
1931 2563 1953 2583 ν
1968 2551 1972 2592 Ι

477 2603 590 2642 αὐτὸν
605 2605 628 2638 h
646 2607 653 2649 Ι
672 2607 790 2645 naz>
804 2617 823 2638 v
842 2606 847 2649 Ι
865 2602 1009 2646 Ἡσαΐας
1021 2610 1059 2647 -Ι-
1074 2607 1185 2650 φησὶν
1200 2618 1220 2639 ν
1235 2606 1266 2640 G
1285 2608 1291 2648 Ι
1313 2610 1351 2641 17
1370 2605 1404 2641 οὶ
1421 2610 1464 2645 >
1481 2606 1501 2639 b
1517 2606 1538 2638 d
1556 2615 1575 2638 e
1590 2604 1639 2638 fh
1657 2616 1677 2649 p
1697 2607 1704 2647 Ι
1722 2606 1911 2649 προσοίσει
1929 2615 1949 2648 p
1968 2607 1971 2646 ξ

478 2658 548 2704 γὰρ
569 2664 606 2701 -Ι-
625 2661 715 2703 φησὶ
737 2671 758 2692 ν
781 2659 813 2693 G
831 2662 838 2700 Ι
858 2662 899 2694 18
921 2662 1113 2703 βδελυκτοὶ
1136 2672 1157 2704 p
1175 2662 1181 2701 Ι
1204 2664 1243 2695 19
1268 2657 1337 2703 γάρ
1361 2672 1368 2693 :
1393 2660 1431 2695 δὲ
1455 2660 1499 2702 bl
1522 2661 1712 2704 θλίβοντες
1734 2671 1753 2691 ν
1775 2659 1806 2692 G
1825 2660 1832 2701 Ι
1850 2662 1894 2692 20
1915 2654 1974 2701 όρ-

477 2717 606 2757 φανῶν
628 2724 647 2747 e
678 2716 685 2755 Ι
712 2717 753 2748 21
777 2712 950 2748 ἀναιτίων
973 2726 980 2747 :
1004 2710 1190 2758 ἁμαρτιῶν
1212 2714 1232 2747 b
1255 2714 1275 2747 d
1299 2724 1318 2747 e
1342 2714 1364 2747 h
1384 2714 1389 2757 Ι
1410 2710 1431 2757 ἢ
1454 2719 1496 2753 >
1520 2724 1537 2746 r
1565 2716 1571 2755 Ι
1599 2711 1682 2753 τούς
1705 2712 1732 2748 ὲ.
1756 2712 1900 2752 οἰκέτας
1922 2712 1943 2745 d
1968 2713 1971 2733 ἶ

477 2772 633 2813 πληγαῖς
649 2766 803 2811 (πληγὰς
815 2779 835 2812 ρ
848 2768 931 2810 1)-1»
946 2781 1036 2811 φημι
1057 2768 1086 2802 C
1105 2769 1136 2802 G
1155 2771 1161 2811 Ι
1179 2772 1223 2803 22
1238 2770 1300 2802 καὶ
1319 2779 1357 2810 pr
1368 2773 1411 2808 >
1425 2779 1440 2801 r
1458 2768 1464 2811 Ι
1484 2768 1725 2802 κακοδουλεία
1740 2767 1791 2808 fr,
1807 2768 1925 2800 -λείαν
1942 2777 1974 2810 p,

477 2823 625 2858 δουλεία
648 2822 670 2855 d
692 2832 711 2855 e
731 2822 755 2855 h
786 2825 792 2862 Ι
819 2819 839 2865 ἢ
862 2834 895 2856 κ.
917 2834 953 2856 π.
976 2820 1231 2865 λυμαινόμενοι
1255 2827 1299 2862 >
1323 2834 1344 2855 ν
1369 2824 1374 2864 Ι
1400 2823 1461 2856 καὶ
1482 2826 1526 2860 >
1550 2833 1569 2854 a
1594 2817 1878 2863 [λυμαινόμενοι
1900 2820 1934 2853 in
1957 2831 1974 2853 a

478 2878 573 2922 periit
