2457 3436
1026 280 1255 310 sunnonis.
1813 269 1829 308 1
1839 270 1889 308 93

381 378 456 420 vel
488 392 554 420 ms
581 378 813 433 percipiunt,
847 376 914 419 fiat
947 378 988 418 in
1024 376 1295 431 depulsionem
1324 377 1443 417 omnis
1477 375 1672 429 languoris
1706 383 1740 416 et
1773 376 1892 416 omnis

389 442 643 498 infirmitatis,
673 443 712 483 in
741 441 959 484 remedium
989 441 1172 483 adversus
1202 454 1324 482 omne
1353 440 1621 490 daemonium,
1656 441 1697 481 in
1727 439 1891 495 expulsi-

390 522 520 550 onem
556 509 687 549 omnis
714 507 869 563 spiritus
897 506 1104 557 immundi,
1139 506 1180 547 in
1216 506 1531 560 segregationem
1567 505 1699 546 omnis
1733 505 1890 560 spiritus

395 586 583 628 nequam,
617 573 658 614 in
687 571 1007 626 exstirpationem
1037 572 1168 612 omnis
1197 569 1312 612 febris
1342 578 1380 612 et
1407 569 1564 625 frigoris
1593 579 1632 612 et
1660 570 1791 611 omnis
1819 570 1890 610 im-

396 637 629 688 becillitatis,
657 638 697 678 in
725 638 888 691 gratiam
918 635 1064 677 bonam
1094 643 1132 677 et
1160 636 1435 677 remissionem
1465 642 1729 690 peccatorum,
1763 635 1803 675 in
1831 648 1890 675 re-
1924 665 1928 671 .

395 702 576 744 medium
612 703 713 743 vitae
748 709 788 744 et
821 701 964 752 salutis,
999 702 1039 742 in
1075 701 1280 743 sanitatem
1317 707 1355 742 et
1391 701 1642 755 integritatem
1676 701 1827 740 animae
1859 707 1893 740 et

394 769 565 823 corporis
583 775 617 807 et
640 768 803 821 spiritus,
833 767 872 807 in
893 765 1152 807 valetudinem
1174 764 1396 819 perfectam.
1445 777 1481 806 2.
1512 765 1684 815 Timeat,
1703 764 1892 814 Domine,

396 833 533 875 omnis
562 832 738 886 operatio
768 831 968 880 diabolica,
1007 844 1130 872 omne
1165 830 1433 881 daemonium,
1468 843 1610 871 omnes
1638 828 1799 870 insidiae
1828 828 1892 870 ad-

394 898 571 947 versarii,
600 896 733 938 omnis
753 896 877 951 plaga,
910 909 1032 937 omne
1051 896 1296 951 supplicium,
1326 896 1458 936 omnis
1478 894 1605 944 dolor,
1634 895 1766 935 omnis
1786 892 1894 935 labor

399 961 465 1004 vel
486 963 585 1003 ictus
607 960 667 1002 vel
686 961 896 1003 concussio
919 959 981 1001 vel
999 960 1135 1001 umbra
1154 959 1253 1001 mala
1272 973 1420 1001 nomen
1440 966 1551 1001 tuum
1571 966 1761 1010 sanctum,
1786 958 1893 1013 quod

395 1027 630 1069 invocamus
658 1040 775 1076 nunc,
805 1033 844 1068 et
873 1039 1022 1067 nornen
1050 1025 1255 1079 unigeniti,
1287 1037 1323 1079 3.
1353 1032 1392 1067 et
1420 1024 1557 1066 abeant
1586 1024 1632 1065 ab
1661 1024 1824 1065 internis
1854 1032 1893 1065 et

399 1092 571 1133 externis
599 1104 805 1132 servorum
833 1098 993 1132 tuorum
1022 1090 1179 1140 horum,
1214 1096 1256 1131 ut
1282 1089 1514 1145 glorificetur
1542 1103 1673 1130 nomen
1703 1090 1798 1140 eius,
1826 1090 1892 1143 qui

397 1169 473 1211 pro
502 1154 617 1197 nobis
646 1155 850 1197 crucifixus
880 1161 939 1196 est
974 1161 1014 1197 et
1048 1155 1256 1197 resurrexit
1291 1163 1330 1197 et
1358 1155 1557 1209 languores
1589 1162 1730 1195 nostros
1766 1161 1800 1195 et
1834 1156 1892 1195 in-

401 1220 598 1262 firmitates
629 1222 796 1272 suscepit,
830 1220 913 1261 Iesu
944 1220 1098 1270 Christi,
1136 1232 1173 1261 et
1208 1226 1395 1262 venturus
1429 1226 1487 1261 est
1522 1220 1689 1260 iudicare
1722 1220 1826 1260 vivos
1860 1227 1894 1260 et

399 1293 576 1336 mortuos,
606 1286 794 1340 quoniam
820 1298 890 1340 per
909 1298 999 1326 eum
1021 1283 1090 1326 tibi
1110 1284 1234 1339 gloria
1254 1291 1292 1326 et
1312 1284 1519 1339 imperium
1541 1285 1580 1325 in
1600 1290 1736 1325 sancto
1756 1284 1893 1339 spiritu

399 1357 440 1391 et
468 1364 574 1392 nunc
604 1357 643 1391 et
670 1351 710 1391 in
740 1351 876 1391 omnia
905 1348 1055 1391 saecula
1083 1348 1343 1400 saeculorum,
1372 1363 1499 1391 amen.

996 1586 1117 1628 XXX
1147 1586 1299 1642 (xvui).

725 1663 878 1705 Oratio
905 1674 989 1714 pro
1018 1666 1198 1705 mortuo
1226 1666 1274 1705 et
1299 1664 1570 1714 sepeliendo.

517 1762 549 1789 1.
584 1748 705 1798 Deus,
739 1749 805 1803 qui
829 1749 931 1789 vitae
958 1757 993 1790 et
1018 1750 1148 1790 mortis
1168 1756 1383 1804 potestatem
1412 1748 1535 1799 habes,
1564 1749 1670 1790 Deus
1695 1750 1893 1804 spirituum

401 1820 442 1855 et
470 1812 656 1854 dominus
684 1814 802 1854 omnis
828 1815 966 1863 carm's,
995 1813 1117 1865 Deus,
1146 1815 1212 1869 qui
1236 1813 1439 1868 mortificas
1467 1822 1501 1854 et
1526 1813 1709 1868 vivificas,
1739 1815 1804 1869 qui
1829 1814 1892 1855 de-

400 1879 506 1919 ducis
539 1877 592 1919 ad
616 1886 748 1933 portas
780 1879 988 1930 inferorum
1023 1887 1056 1919 et
1091 1879 1247 1929 reducis,
1288 1880 1353 1933 qui
1394 1892 1500 1920 creas
1532 1879 1703 1933 spiritum
1738 1878 1895 1919 hominis

403 1943 442 1984 in
476 1944 565 1998 ipso
600 1950 639 1985 et
670 1943 822 1998 suscipis
856 1951 1081 1984 sanctorum
1117 1943 1266 1984 animas
1306 1957 1349 1984 ac
1385 1957 1548 1994 recreas,
1589 1944 1654 1998 qui
1689 1950 1815 1985 mutas
1850 1957 1894 1985 ac

401 2006 656 2049 transformas
691 2015 729 2049 et
763 2006 1013 2062 transfiguras
1048 2015 1242 2050 creaturas
1275 2014 1373 2058 tuas,
1407 2014 1524 2062 prout
1558 2009 1702 2049 iustum
1733 2016 1773 2050 et
1802 2008 1894 2050 utile

402 2080 474 2124 est,
510 2086 600 2114 cum
635 2073 718 2126 ipse
744 2071 845 2113 solus
875 2072 1163 2127 incorruptibilis
1197 2079 1236 2114 et
1263 2071 1512 2115 immutabilis
1547 2080 1587 2114 et
1614 2080 1794 2115 aeternus
1822 2074 1875 2115 sis
1883 2090 1894 2124 ;

403 2149 442 2178 2.
478 2151 637 2178 oramus
664 2145 704 2179 te
733 2150 804 2191 pro
835 2137 1075 2179 dormitione
1105 2145 1143 2179 et
1171 2138 1305 2193 requie
1333 2137 1447 2178 huius
1476 2139 1577 2179 servi
1605 2139 1661 2179 tui
1690 2137 1752 2179 vel
1780 2138 1893 2179 huius

399 2216 538 2244 servae
565 2208 671 2244 tuae:
706 2202 876 2243 animam
913 2209 951 2244 et
978 2202 1157 2256 spiritum
1187 2202 1269 2244 eius
1302 2216 1434 2244 recrea
1462 2203 1502 2243 in
1532 2203 1620 2243 locis
1640 2211 1818 2257 pascuae,
1855 2204 1894 2244 in

403 2265 592 2308 cubilibus
621 2268 857 2308 recreationis
884 2281 969 2307 cum
998 2266 1197 2308 Abraham
1233 2274 1267 2308 et
1294 2267 1403 2308 Isaac
1437 2274 1471 2307 et
1497 2267 1607 2308 Iacob
1645 2274 1684 2309 et
1712 2267 1895 2309 omnibus

403 2332 548 2373 sanctis
565 2331 660 2383 tuis3
690 2345 832 2386 corpus
852 2345 947 2374 vero
970 2332 1154 2373 resuscita
1173 2333 1213 2372 in
1232 2331 1309 2383 die,
1339 2345 1456 2386 quarn
1476 2331 1658 2373 definiisti
1678 2332 1894 2374 secundum

403 2396 688 2450 promissiones
716 2404 800 2438 tuas
829 2396 931 2438 haud
960 2395 1105 2447 dubias,
1148 2405 1190 2438 ut
1218 2403 1258 2438 et
1286 2395 1519 2438 hereditates
1549 2397 1583 2438 ei
1613 2397 1895 2439 convenientes

447 2676 555 2710 XXX.
578 2676 631 2711 Cf.
655 2676 795 2711 Constit.
818 2688 869 2722 ap.
894 2677 979 2717 VIII,
1002 2686 1054 2718 41.
1184 2689 1243 2722 pro
1270 2678 1418 2719 mortuis,
1449 2678 1650 2722 Brightman,
1681 2678 1840 2722 Litargies
1870 2678 1895 2719 1,

449 2741 479 2764 2.
507 2729 549 2766 τὸ
573 2731 611 2766 δὲ
636 2734 742 2773 σῶμα
769 2731 858 2775 κτλ]
887 2730 1043 2764 Similiter
1064 2730 1117 2764 Li—
1187 2741 1258 2775 170,
1284 2741 1420 2774 13—15.

403 2785 512 2829 turgia
541 2785 757 2819 Iacobitarum
789 2791 876 2829 copt.
909 2785 943 2818 in
971 2785 1119 2819 oratione

469 2840 590 2881 Fun,
613 2841 743 2875 Dmmc.
766 2851 806 2874 m·
829 2840 977 2875 Coum.
999 2850 1050 2875 Δι’.
1095 2840 1135 2874 11.
1726 2844 1765 2875 13

1918 965 1959 996 10

1919 1289 1958 1319 15

1917 1885 1960 1915 20

1918 2206 1961 2239 25
