2457 3436
917 378 1234 409 consrrrurromrs
1262 380 1538 413 amsi-ommni.
1842 374 1978 418 xxm

472 474 702 525 praesertim
733 473 977 515 Didascaliae
1004 475 1189 529 syriacae,
1225 490 1324 530 quae
1357 478 1630 520 recensionem
1670 482 1882 535 scripturae
1910 483 1975 525 ad-

477 537 645 579 modum
679 538 869 580 diversam
907 548 1185 593 repraesentat,
1227 542 1387 582 nimiam
1426 542 1654 586 attribuebat
1689 548 1974 599 auctoritatem,

483 616 566 643 non
595 603 744 653 melior,
780 603 850 645 sed
879 606 1012 658 potius
1041 603 1213 646 deterior
1248 605 1422 648 redditus
1457 615 1527 650 est.
1585 609 1717 658 Quam
1757 610 1972 653 editionem

490 668 645 709 minime
671 668 847 710 sufficere
876 669 1051 723 Lagarde
1079 670 1162 723 ipse
1191 670 1388 724 professus
1409 679 1467 713 est
1486 672 1599 713 aliam
1621 674 1828 717 instituens
1858 683 1895 718 et
1925 676 1973 719 ad

496 739 634 774 textum
651 733 934 775 recensendum
955 734 1073 775 libros
1093 734 1280 776 adhibens
1302 737 1602 790 manuscriptos.
1634 738 1805 780 Codices
1821 740 1973 782 Vindo-

502 795 674 839 bonenses
715 799 828 848 duos,
872 799 1089 840 Parisinum
1133 807 1171 841 et
1209 799 1496 841 Coislinianum
1534 801 1597 842 vel
1634 802 1970 858 Petropolitanum

509 863 652 904 maxima
682 877 769 904 cum
807 863 1007 917 diligentia
1041 864 1218 915 contulit,
1262 873 1460 918 praeterea
1497 865 1713 907 editionem
1755 869 1971 923 principem

515 926 622 968 denuo
655 929 825 981 inspexit.
884 928 1026 979 Editio,
1067 929 1218 982 Lipsiae
1262 937 1300 970 et
1339 929 1515 970 Londini‘
1548 944 1582 971 a.
1627 932 1728 972 1862
1770 931 1971 986 publicata,

518 993 637 1046 priores
661 1006 787 1034 revera
818 992 950 1034 multis
979 992 1092 1034 rebus
1120 995 1326 1048 superavit.
1376 994 1479 1036 Cum
1502 1002 1632 1036 autem
1657 995 1857 1038 codicibus
1886 997 1970 1049 illis,

521 1070 652 1111 quorum
677 1057 753 1099 duo
782 1057 923 1099 nullius
952 1060 1063 1113 pretii
1099 1066 1138 1100 et
1172 1059 1251 1100 duo
1282 1058 1418 1113 reliqui
1454 1059 1628 1101 eiusdem
1665 1059 1832 1101 familiae
1867 1068 1971 1112 sunt,

525 1135 666 1175 magnam
683 1122 862 1164 fiduciam
884 1116 1059 1174 haberet,
1081 1123 1163 1165 fieri
1183 1138 1264 1164 non
1286 1125 1426 1178 potuit,
1456 1125 1549 1179 quin
1571 1138 1723 1166 errores
1744 1125 1969 1166 creberrimi

527 1189 829 1229 committerentur.
888 1188 1003 1241 Opus
1045 1202 1095 1230 ne
1129 1190 1324 1242 integrum
1361 1189 1519 1244 quidem
1562 1188 1741 1239 reddidit,
1781 1190 1971 1234 omittens

529 1250 668 1293 canones
693 1252 976 1307 apostolorum,
1005 1254 1070 1308 qui
1099 1261 1248 1307 partem
1279 1255 1360 1294 eius
1391 1261 1604 1295 extremam
1635 1253 1810 1295 efficiunt
1838 1261 1967 1308 atque,

529 1323 563 1356 ut
587 1330 651 1358 mea
681 1317 800 1359 editio
835 1317 1021 1369 ostendit,
1058 1319 1240 1372 particula
1276 1320 1417 1359 τοίνυν
1452 1319 1498 1359 ab
1537 1322 1824 1360 auctore'cum
1861 1325 1970 1373 parte

532 1382 737 1433 praecedente
766 1384 958 1424 artissime
988 1384 1186 1424 coniuncti
1216 1391 1335 1424 erant.

609 1447 767 1502 Denique
804 1455 954 1489 textum
994 1449 1188 1489 recensuit
1223 1447 1438 1490 Cardinalis
1470 1448 1500 1489 Ι.
1537 1448 1579 1489 Β.
1614 1449 1739 1489 Pitra
1772 1449 1815 1489 in
1852 1454 1968 1489 tomo

535 1511 630 1562 priore
652 1512 839 1554 Historiae
869 1521 908 1554 et
930 1513 1284 1554 Monumentorum
1313 1514 1406 1554 iuris
1436 1513 1685 1555 ecclesiastici
1713 1513 1969 1563 Graecorum,

535 1573 642 1618 Romae
661 1579 769 1630 1864.
818 1577 972 1619 Invenit
997 1578 1036 1619 in
1058 1577 1294 1619 Bibliotheca
1315 1578 1501 1619 Vaticana
1521 1585 1672 1630 septem
1695 1577 1813 1618 libros
1834 1591 1969 1618 manu-

535 1640 661 1694 scriptos.
704 1643 905 1696 Cognitos
935 1644 1049 1684 etiam
1081 1656 1150 1684 eos
1180 1642 1324 1692 habuit,
1353 1645 1419 1697 qui
1446 1642 1722 1693 Vindobonae,
1752 1642 1903 1683 Parisiis
1930 1649 1971 1684 et

535 1702 708 1760 Petroburgi
736 1715 993 1749 asservantur.
1039 1707 1246 1763 Tanquam
1276 1707 1528 1749 fundamenta
1555 1706 1737 1749 editionis
1757 1721 1848 1748 suae
1877 1705 1969 1748 dicit

537 1767 666 1826 (p.112)
683 1787 723 1813 se
742 1771 966 1813 adhibuisse
987 1773 1218 1814 Vaticanum
1239 1773 1316 1825 839
1339 1780 1378 1814 et
1402 1773 1632 1813 Vaticanum
1661 1774 1774 1824 1506,
1796 1786 1909 1826 parce
1930 1772 1969 1812 in

535 1845 615 1884 opem
630 1836 823 1878 adduxisse
846 1837 1142 1878 Coislinianum.
1191 1838 1445 1891 Reliquorum
1476 1837 1655 1878 codicum
1678 1838 1865 1878 lectiones
1886 1850 1971 1891 per-

535 1910 631 1949 paucas
642 1902 674 1942 in
689 1904 793 1943 notis
814 1903 1026 1955 exscripsit.
1057 1902 1185 1944 Editio
1205 1916 1299 1944 vero
1320 1902 1469 1956 priores
1490 1903 1654 1943 minime
1672 1909 1782 1943 tanto
1802 1909 1969 1956 superat,

535 1973 636 2014 quanto
652 1981 693 2007 ex
714 1966 966 2009 multitudine
986 1967 1170 2008 librorum
1192 1968 1546 2022 manuscriptorum
1567 1966 1812 2008 laudatorum
1840 1966 1970 2020 colligi

535 2032 664 2078 potuerit.
717 2032 813 2073 Fere
844 2032 985 2086 ubique
1018 2039 1146 2074 textus
1178 2032 1449 2074 Ueltzenianus
1483 2033 1669 2086 repetitus
1708 2039 1779 2081 est,
1814 2031 1971 2072 codices

535 2095 644 2136 nonnisi
669 2096 865 2138 levissime
894 2098 1057 2151 inspecti
1086 2104 1188 2138 sunt.
1236 2098 1300 2138 Ne
1329 2096 1526 2151 exemplar
1549 2096 1731 2137 Turriani
1759 2095 1971 2151 principale

534 2158 644 2208 quidem
671 2163 708 2203 in
732 2161 974 2203 Bibliotheca
997 2162 1179 2203 Vaticana
1209 2162 1433 2203 etiamnunc
1463 2169 1611 2203 exstare
1632 2162 1733 2202 Pitra
1763 2161 1969 2215 perspexit.

534 2218 605 2264 Dicit
625 2227 743 2279 potius
773 2227 932 2268 codices
960 2226 1141 2268 Turriani
1170 2234 1248 2268 tres
1278 2241 1380 2280 pene
1410 2229 1570 2280 ignotos
1600 2240 1685 2267 esse
1716 2225 1774 2280 (p.
1806 2225 1916 2279 112).

605 2289 775 2345 Equidem
813 2305 904 2332 cum
939 2293 1035 2332 mihi
1075 2292 1382 2345 proposuissem,
1418 2298 1461 2332 ut
1490 2290 1746 2332 Didascaliam
1782 2291 1971 2344 syriacam

533 2348 612 2394 latine
633 2371 775 2397 versam
808 2356 966 2397 ederem
996 2358 1109 2411 eique
1136 2363 1322 2411 tanquam
1353 2355 1567 2397 editionem
1590 2355 1748 2397 alteram
1770 2355 1972 2396 Constitu-

533 2415 621 2459 tiones
644 2421 906 2475 adiungerem,
936 2422 1065 2475 primo
1093 2421 1293 2474 sperabam
1325 2421 1460 2461 harum
1490 2427 1640 2461 textum
1672 2434 1736 2460 me
1766 2434 1813 2460 ex
1834 2418 1972 2460 editio·

534 2479 610 2523 nibus
624 2486 890 2528 recentissimis
913 2494 1089 2540 repetere
1108 2500 1237 2540 posse,
1260 2501 1280 2526 e
1301 2485 1537 2539 Lagardiana
1557 2492 1623 2526 aut
1643 2485 1822 2525 Pitriana.
1868 2483 1972 2524 Cum

533 2553 623 2589 autem
647 2565 734 2592 rnox
764 2550 1130 2601 animadverterem,
1170 2550 1360 2591 editorem
1390 2549 1551 2591 alterum
1582 2548 1739 2590 codices
1769 2549 1974 2589 Romanos

533 2615 765 2657 vetustissimos
795 2629 879 2656 non
909 2617 1160 2670 cognovisse,
1189 2615 1349 2656 alterum
1383 2628 1452 2655 eos
1470 2613 1627 2668 quidem
1649 2627 1767 2654 manu
1786 2625 1973 2661 versasse,

534 2686 585 2715 nec
600 2692 676 2720 vero
692 2682 790 2722 iuste
808 2680 1041 2731 adhibuisse,
1066 2694 1086 2721 a
1105 2679 1270 2721 consilio
1290 2679 1419 2720 destiti
1440 2686 1479 2720 et
1495 2686 1645 2720 textum
1665 2679 1747 2731 ipse
1769 2690 1974 2718 recensere

534 2736 657 2793 decrevi,
674 2759 840 2800 cumque
860 2746 943 2786 libri
967 2746 1145 2799 impressi
1165 2746 1362 2799 suppetias
1380 2744 1614 2785 necessarias
1634 2756 1715 2783 non
1735 2740 1975 2796 praeberent,

535 2812 768 2864 manuscriptos
798 2810 988 2852 consului.
