<?xml version="1.0" encoding="UTF-8"?>
<!DOCTYPE html PUBLIC "-//W3C//DTD XHTML 1.0 Transitional//EN"
    "http://www.w3.org/TR/xhtml1/DTD/xhtml1-transitional.dtd">
<html xmlns="http://www.w3.org/1999/xhtml" xml:lang="en" lang="en">
 <head>
  <title>
</title>
<meta http-equiv="Content-Type" content="text/html;charset=utf-8" />
  <meta name='ocr-system' content='tesseract 3.04.00' />
  <meta name='ocr-capabilities' content='ocr_page ocr_carea ocr_par ocr_line ocrx_word'/>
</head>
<body>
  <div class='ocr_page' id='page_1' title='image "./didascaliaetcon00funkgoog/didascaliaetcon00funkgoog_0550.png"; bbox 0 0 2457 3436; ppageno 0'>
   <div class='ocr_carea' id='block_1_1' title="bbox 749 349 1791 397">
    <p class='ocr_par' dir='ltr' id='par_1_1' title="bbox 749 349 1791 397">
     <span class='ocr_line' id='line_1_1' title="bbox 749 349 1791 397; baseline 0.001 -11"><span class='ocrx_word' id='word_1_1' title='bbox 749 357 1013 387; x_wconf 71' lang='lat' dir='ltr'><strong>Apos&#39;romnuu</strong></span> <span class='ocrx_word' id='word_1_2' title='bbox 1040 358 1120 392; x_wconf 77' lang='lat' dir='ltr'><strong>vin,</strong></span> <span class='ocrx_word' id='word_1_3' title='bbox 1149 360 1180 396; x_wconf 85' lang='lat'><strong>6,</strong></span> <span class='ocrx_word' id='word_1_4' title='bbox 1202 360 1299 397; x_wconf 75' lang='grc'><strong>3-7,</strong></span> <span class='ocrx_word' id='word_1_5' title='bbox 1321 360 1351 390; x_wconf 84' lang='lat'><strong>2.</strong></span> <span class='ocrx_word' id='word_1_6' title='bbox 1715 349 1791 388; x_wconf 84' lang='grc'><strong>481</strong></span> 
     </span>
    </p>
   </div>
   <div class='ocr_carea' id='block_1_2' title="bbox 452 452 1809 1869">
    <p class='ocr_par' dir='ltr' id='par_1_2' title="bbox 452 452 1809 1869">
     <span class='ocr_line' id='line_1_2' title="bbox 452 452 1796 508; baseline 0.001 -14"><span class='ocrx_word' id='word_1_7' title='bbox 452 454 548 506; x_wconf 88' lang='lat' dir='ltr'><strong>gite,</strong></span> <span class='ocrx_word' id='word_1_8' title='bbox 587 452 874 495; x_wconf 83' lang='lat' dir='ltr'><strong>catechumeni:</strong></span> <span class='ocrx_word' id='word_1_9' title='bbox 912 467 1048 507; x_wconf 88' lang='lat' dir='ltr'>pacem</span> <span class='ocrx_word' id='word_1_10' title='bbox 1083 453 1158 494; x_wconf 90' lang='lat' dir='ltr'><strong>Dei</strong></span> <span class='ocrx_word' id='word_1_11' title='bbox 1197 467 1266 507; x_wconf 89' lang='lat' dir='ltr'><strong>per</strong></span> <span class='ocrx_word' id='word_1_12' title='bbox 1304 453 1504 495; x_wconf 82' lang='lat' dir='ltr'><strong>Christum</strong></span> <span class='ocrx_word' id='word_1_13' title='bbox 1542 455 1625 495; x_wconf 89' lang='lat' dir='ltr'><strong>eius</strong></span> <span class='ocrx_word' id='word_1_14' title='bbox 1664 455 1796 508; x_wconf 86' lang='lat' dir='ltr'><strong>petite,</strong></span> 
     </span>
     <span class='ocr_line' id='line_1_3' title="bbox 453 518 1794 573; baseline 0.001 -15"><span class='ocrx_word' id='word_1_15' title='bbox 453 518 609 571; x_wconf 87' lang='lat' dir='ltr'><strong>uietutn</strong></span> <span class='ocrx_word' id='word_1_16' title='bbox 630 531 674 559; x_wconf 82' lang='lat' dir='ltr'><strong>ac</strong></span> <span class='ocrx_word' id='word_1_17' title='bbox 689 518 773 559; x_wconf 91' lang='lat' dir='ltr'><strong>sine</strong></span> <span class='ocrx_word' id='word_1_18' title='bbox 792 524 954 571; x_wconf 89' lang='lat' dir='ltr'><strong>peccato</strong></span> <span class='ocrx_word' id='word_1_19' title='bbox 970 525 1010 559; x_wconf 91' lang='lat' dir='ltr'><strong>et</strong></span> <span class='ocrx_word' id='word_1_20' title='bbox 1023 532 1145 560; x_wconf 88' lang='lat' dir='ltr'><strong>omne</strong></span> <span class='ocrx_word' id='word_1_21' title='bbox 1159 525 1315 573; x_wconf 89' lang='lat' dir='ltr'><strong>tempus</strong></span> <span class='ocrx_word' id='word_1_22' title='bbox 1330 519 1430 560; x_wconf 87' lang='lat' dir='ltr'><strong>vitae</strong></span> <span class='ocrx_word' id='word_1_23' title='bbox 1444 526 1608 569; x_wconf 88' lang='lat' dir='ltr'><strong>vestrae,</strong></span> <span class='ocrx_word' id='word_1_24' title='bbox 1624 526 1794 561; x_wconf 89' lang='lat' dir='ltr'><strong>mortem</strong></span> 
     </span>
     <span class='ocr_line' id='line_1_4' title="bbox 452 582 1796 636; baseline 0.002 -14"><span class='ocrx_word' id='word_1_25' title='bbox 452 595 569 632; x_wconf 76' lang='lat' dir='ltr'><strong>nam,</strong></span> <span class='ocrx_word' id='word_1_26' title='bbox 605 583 817 636; x_wconf 90' lang='lat' dir='ltr'><strong>propitium</strong></span> <span class='ocrx_word' id='word_1_27' title='bbox 847 597 891 624; x_wconf 90' lang='lat' dir='ltr'><strong>ac</strong></span> <span class='ocrx_word' id='word_1_28' title='bbox 921 582 1157 624; x_wconf 89' lang='lat' dir='ltr'><strong>benevolum</strong></span> <span class='ocrx_word' id='word_1_29' title='bbox 1188 583 1333 633; x_wconf 89' lang='lat' dir='ltr'><strong>Deum,</strong></span> <span class='ocrx_word' id='word_1_30' title='bbox 1362 584 1516 624; x_wconf 83' lang='lat' dir='ltr'><strong>veniam</strong></span> <span class='ocrx_word' id='word_1_31' title='bbox 1546 582 1796 634; x_wconf 89' lang='lat' dir='ltr'><strong>delictorum;</strong></span> 
     </span>
     <span class='ocr_line' id='line_1_5' title="bbox 452 647 1797 701; baseline 0.001 -13"><span class='ocrx_word' id='word_1_32' title='bbox 452 661 518 688; x_wconf 84' lang='lat' dir='ltr'><strong>;0s</strong></span> <span class='ocrx_word' id='word_1_33' title='bbox 545 647 619 688; x_wconf 90' lang='lat' dir='ltr'><strong>soli</strong></span> <span class='ocrx_word' id='word_1_34' title='bbox 648 648 826 701; x_wconf 89' lang='lat' dir='ltr'><strong>ingenito</strong></span> <span class='ocrx_word' id='word_1_35' title='bbox 855 647 945 689; x_wconf 90' lang='lat' dir='ltr'><strong>Deo</strong></span> <span class='ocrx_word' id='word_1_36' title='bbox 975 661 1045 701; x_wconf 89' lang='lat' dir='ltr'><strong>per</strong></span> <span class='ocrx_word' id='word_1_37' title='bbox 1073 647 1274 689; x_wconf 86' lang='lat' dir='ltr'><strong>Christum</strong></span> <span class='ocrx_word' id='word_1_38' title='bbox 1306 648 1387 689; x_wconf 86' lang='lat' dir='ltr'><strong>eius</strong></span> <span class='ocrx_word' id='word_1_39' title='bbox 1416 647 1710 699; x_wconf 82' lang='lat' dir='ltr'><strong>commendate3</strong></span> <span class='ocrx_word' id='word_1_40' title='bbox 1739 649 1797 689; x_wconf 90' lang='lat' dir='ltr'><strong>in-</strong></span> 
     </span>
     <span class='ocr_line' id='line_1_6' title="bbox 481 712 1797 766; baseline 0.001 -13"><span class='ocrx_word' id='word_1_41' title='bbox 481 720 522 754; x_wconf 91' lang='lat' dir='ltr'><strong>et</strong></span> <span class='ocrx_word' id='word_1_42' title='bbox 555 712 717 766; x_wconf 86' lang='lat' dir='ltr'><strong>accipite</strong></span> <span class='ocrx_word' id='word_1_43' title='bbox 750 712 1079 754; x_wconf 81' lang='lat' dir='ltr'>benedictionem.</span> <span class='ocrx_word' id='word_1_44' title='bbox 1138 725 1174 764; x_wconf 88' lang='lat'><strong>9.</strong></span> <span class='ocrx_word' id='word_1_45' title='bbox 1212 713 1338 754; x_wconf 91' lang='lat' dir='ltr'><strong>Porro</strong></span> <span class='ocrx_word' id='word_1_46' title='bbox 1373 713 1412 753; x_wconf 90' lang='lat' dir='ltr'><strong>in</strong></span> <span class='ocrx_word' id='word_1_47' title='bbox 1446 713 1608 766; x_wconf 91' lang='lat' dir='ltr'><strong>singulis</strong></span> <span class='ocrx_word' id='word_1_48' title='bbox 1642 713 1797 763; x_wconf 89' lang='lat' dir='ltr'><strong>horum,</strong></span> 
     </span>
     <span class='ocr_line' id='line_1_7' title="bbox 452 775 1797 831; baseline 0.001 -14"><span class='ocrx_word' id='word_1_49' title='bbox 452 775 628 818; x_wconf 88' lang='lat' dir='ltr'><strong>liaconus</strong></span> <span class='ocrx_word' id='word_1_50' title='bbox 657 776 914 831; x_wconf 86' lang='lat' dir='ltr'><strong>proloquitur,</strong></span> <span class='ocrx_word' id='word_1_51' title='bbox 952 784 994 819; x_wconf 91' lang='lat' dir='ltr'><strong>ut</strong></span> <span class='ocrx_word' id='word_1_52' title='bbox 1021 777 1098 818; x_wconf 86' lang='lat' dir='ltr'><strong>iam</strong></span> <span class='ocrx_word' id='word_1_53' title='bbox 1129 776 1310 828; x_wconf 78' lang='lat' dir='ltr'><strong>diximus,</strong></span> <span class='ocrx_word' id='word_1_54' title='bbox 1349 776 1516 831; x_wconf 90' lang='lat' dir='ltr'><strong>populus</strong></span> <span class='ocrx_word' id='word_1_55' title='bbox 1544 777 1797 831; x_wconf 80' lang='lat' dir='ltr'>respondeat:</span> 
     </span>
     <span class='ocr_line' id='line_1_8' title="bbox 457 841 1797 896; baseline 0.001 -14"><span class='ocrx_word' id='word_1_56' title='bbox 457 841 623 893; x_wconf 89' lang='lat' dir='ltr'><strong>eleison,</strong></span> <span class='ocrx_word' id='word_1_57' title='bbox 659 849 698 883; x_wconf 93' lang='lat' dir='ltr'><strong>et</strong></span> <span class='ocrx_word' id='word_1_58' title='bbox 731 849 822 883; x_wconf 88' lang='lat' dir='ltr'><strong>ante</strong></span> <span class='ocrx_word' id='word_1_59' title='bbox 857 849 1021 883; x_wconf 88' lang='lat' dir='ltr'><strong>cunctos</strong></span> <span class='ocrx_word' id='word_1_60' title='bbox 1053 843 1176 896; x_wconf 90' lang='lat' dir='ltr'><strong>pueri.</strong></span> <span class='ocrx_word' id='word_1_61' title='bbox 1237 855 1297 883; x_wconf 92' lang='lat'><strong>10.</strong></span> <span class='ocrx_word' id='word_1_62' title='bbox 1334 841 1635 884; x_wconf 87' lang='lat' dir='ltr'><strong>Catechumenis</strong></span> <span class='ocrx_word' id='word_1_63' title='bbox 1668 850 1797 884; x_wconf 87' lang='lat' dir='ltr'><strong>autem</strong></span> 
     </span>
     <span class='ocr_line' id='line_1_9' title="bbox 457 906 1799 960; baseline 0.001 -13"><span class='ocrx_word' id='word_1_64' title='bbox 457 906 733 948; x_wconf 82' lang='lat' dir='ltr'><strong>inclinantibus</strong></span> <span class='ocrx_word' id='word_1_65' title='bbox 759 907 967 960; x_wconf 90' lang='lat' dir='ltr'><strong>episcopus</strong></span> <span class='ocrx_word' id='word_1_66' title='bbox 988 906 1189 948; x_wconf 89' lang='lat' dir='ltr'><strong>ordinatus</strong></span> <span class='ocrx_word' id='word_1_67' title='bbox 1217 906 1420 948; x_wconf 86' lang='lat' dir='ltr'><strong>benedicat</strong></span> <span class='ocrx_word' id='word_1_68' title='bbox 1441 909 1495 948; x_wconf 88' lang='lat' dir='ltr'><strong>eis</strong></span> <span class='ocrx_word' id='word_1_69' title='bbox 1524 906 1799 949; x_wconf 89' lang='lat' dir='ltr'><strong>benedictione</strong></span> 
     </span>
     <span class='ocr_line' id='line_1_10' title="bbox 452 971 1800 1025; baseline 0.001 -14"><span class='ocrx_word' id='word_1_70' title='bbox 452 971 555 1012; x_wconf 80' lang='lat' dir='ltr'><strong>iodi:</strong></span> <span class='ocrx_word' id='word_1_71' title='bbox 608 984 669 1012; x_wconf 91' lang='lat'><strong>11.</strong></span> <span class='ocrx_word' id='word_1_72' title='bbox 698 972 808 1013; x_wconf 93' lang='lat' dir='ltr'><strong>Deus</strong></span> <span class='ocrx_word' id='word_1_73' title='bbox 836 972 1104 1025; x_wconf 89' lang='lat' dir='ltr'><strong>omnipotens,</strong></span> <span class='ocrx_word' id='word_1_74' title='bbox 1140 972 1338 1025; x_wconf 86' lang='lat' dir='ltr'><strong>ingenitus</strong></span> <span class='ocrx_word' id='word_1_75' title='bbox 1367 978 1404 1012; x_wconf 92' lang='lat' dir='ltr'><strong>et</strong></span> <span class='ocrx_word' id='word_1_76' title='bbox 1433 972 1665 1022; x_wconf 82' lang='lat' dir='ltr'><strong>inaccessus,</strong></span> <span class='ocrx_word' id='word_1_77' title='bbox 1694 972 1800 1013; x_wconf 86' lang='lat' dir='ltr'><strong>solus</strong></span> 
     </span>
     <span class='ocr_line' id='line_1_11' title="bbox 452 1035 1800 1091; baseline 0 -14"><span class='ocrx_word' id='word_1_78' title='bbox 452 1036 568 1086; x_wconf 70' lang='lat' dir='ltr'><strong>Deus,</strong></span> <span class='ocrx_word' id='word_1_79' title='bbox 596 1035 704 1077; x_wconf 89' lang='lat' dir='ltr'><strong>Deus</strong></span> <span class='ocrx_word' id='word_1_80' title='bbox 734 1043 772 1077; x_wconf 90' lang='lat' dir='ltr'><strong>et</strong></span> <span class='ocrx_word' id='word_1_81' title='bbox 794 1043 903 1091; x_wconf 87' lang='lat' dir='ltr'><strong>pater</strong></span> <span class='ocrx_word' id='word_1_82' title='bbox 922 1036 1068 1077; x_wconf 85' lang='lat' dir='ltr'><strong>Christi</strong></span> <span class='ocrx_word' id='word_1_83' title='bbox 1087 1037 1144 1078; x_wconf 87' lang='lat' dir='ltr'><strong>tui</strong></span> <span class='ocrx_word' id='word_1_84' title='bbox 1164 1037 1353 1090; x_wconf 85' lang='lat' dir='ltr'><strong>unigeniti</strong></span> <span class='ocrx_word' id='word_1_85' title='bbox 1374 1035 1439 1077; x_wconf 90' lang='lat' dir='ltr'><strong>filii</strong></span> <span class='ocrx_word' id='word_1_86' title='bbox 1468 1038 1537 1086; x_wconf 89' lang='lat' dir='ltr'><strong>tui,</strong></span> <span class='ocrx_word' id='word_1_87' title='bbox 1566 1037 1675 1079; x_wconf 90' lang='lat' dir='ltr'><strong>Deus</strong></span> <span class='ocrx_word' id='word_1_88' title='bbox 1695 1051 1800 1090; x_wconf 85' lang='lat' dir='ltr'><strong>para-</strong></span> 
     </span>
     <span class='ocr_line' id='line_1_12' title="bbox 452 1100 1802 1156; baseline 0.001 -15"><span class='ocrx_word' id='word_1_89' title='bbox 452 1114 461 1141; x_wconf 89' lang='lat'><strong>:</strong></span> <span class='ocrx_word' id='word_1_90' title='bbox 482 1101 664 1142; x_wconf 89' lang='lat' dir='ltr'><strong>omnium</strong></span> <span class='ocrx_word' id='word_1_91' title='bbox 685 1100 883 1151; x_wconf 85' lang='lat' dir='ltr'><strong>dominus,</strong></span> <span class='ocrx_word' id='word_1_92' title='bbox 913 1101 978 1155; x_wconf 92' lang='lat' dir='ltr'><strong>qui</strong></span> <span class='ocrx_word' id='word_1_93' title='bbox 1007 1114 1077 1156; x_wconf 90' lang='lat' dir='ltr'><strong>per</strong></span> <span class='ocrx_word' id='word_1_94' title='bbox 1097 1101 1298 1142; x_wconf 88' lang='lat' dir='ltr'><strong>Christum</strong></span> <span class='ocrx_word' id='word_1_95' title='bbox 1319 1100 1528 1155; x_wconf 90' lang='lat' dir='ltr'><strong>discipulos</strong></span> <span class='ocrx_word' id='word_1_96' title='bbox 1556 1102 1596 1142; x_wconf 87' lang='lat' dir='ltr'><strong>iu</strong></span> <span class='ocrx_word' id='word_1_97' title='bbox 1618 1101 1802 1143; x_wconf 89' lang='lat' dir='ltr'><strong>doctores</strong></span> 
     </span>
     <span class='ocr_line' id='line_1_13' title="bbox 453 1164 1802 1221; baseline 0.001 -16"><span class='ocrx_word' id='word_1_98' title='bbox 453 1165 548 1206; x_wconf 82' lang='lat' dir='ltr'><strong>nisti</strong></span> <span class='ocrx_word' id='word_1_99' title='bbox 567 1164 615 1206; x_wconf 89' lang='lat' dir='ltr'><strong>ad</strong></span> <span class='ocrx_word' id='word_1_100' title='bbox 643 1166 794 1219; x_wconf 83' lang='lat' dir='ltr'><strong>pietatis</strong></span> <span class='ocrx_word' id='word_1_101' title='bbox 815 1164 1076 1220; x_wconf 89' lang='lat' dir='ltr'><strong>disciplinam;</strong></span> <span class='ocrx_word' id='word_1_102' title='bbox 1124 1178 1184 1207; x_wconf 89' lang='lat'><strong>12.</strong></span> <span class='ocrx_word' id='word_1_103' title='bbox 1214 1166 1297 1220; x_wconf 89' lang='lat' dir='ltr'><strong>ipse</strong></span> <span class='ocrx_word' id='word_1_104' title='bbox 1326 1174 1365 1208; x_wconf 90' lang='lat' dir='ltr'><strong>et</strong></span> <span class='ocrx_word' id='word_1_105' title='bbox 1383 1180 1490 1208; x_wconf 92' lang='lat' dir='ltr'><strong>nunc</strong></span> <span class='ocrx_word' id='word_1_106' title='bbox 1514 1166 1662 1220; x_wconf 89' lang='lat' dir='ltr'><strong>respice</strong></span> <span class='ocrx_word' id='word_1_107' title='bbox 1687 1180 1802 1221; x_wconf 90' lang='lat' dir='ltr'><strong>super</strong></span> 
     </span>
     <span class='ocr_line' id='line_1_14' title="bbox 483 1230 1804 1285; baseline 0.001 -14"><span class='ocrx_word' id='word_1_108' title='bbox 483 1237 589 1280; x_wconf 91' lang='lat' dir='ltr'><strong>tuos,</strong></span> <span class='ocrx_word' id='word_1_109' title='bbox 624 1230 881 1272; x_wconf 87' lang='lat' dir='ltr'><strong>catechizatos</strong></span> <span class='ocrx_word' id='word_1_110' title='bbox 916 1231 956 1272; x_wconf 91' lang='lat' dir='ltr'><strong>in</strong></span> <span class='ocrx_word' id='word_1_111' title='bbox 985 1230 1130 1273; x_wconf 89' lang='lat' dir='ltr'><strong>Christi</strong></span> <span class='ocrx_word' id='word_1_112' title='bbox 1167 1232 1223 1272; x_wconf 92' lang='lat' dir='ltr'><strong>tui</strong></span> <span class='ocrx_word' id='word_1_113' title='bbox 1260 1230 1477 1285; x_wconf 86' lang='lat' dir='ltr'><strong>evangelio,</strong></span> <span class='ocrx_word' id='word_1_114' title='bbox 1512 1238 1552 1272; x_wconf 91' lang='lat' dir='ltr'><strong>et</strong></span> <span class='ocrx_word' id='word_1_115' title='bbox 1585 1231 1635 1272; x_wconf 85' lang='lat' dir='ltr'><strong>da</strong></span> <span class='ocrx_word' id='word_1_116' title='bbox 1662 1232 1714 1273; x_wconf 85' lang='lat' dir='ltr'><strong>eis</strong></span> <span class='ocrx_word' id='word_1_117' title='bbox 1741 1246 1804 1273; x_wconf 87' lang='lat' dir='ltr'><strong>cor</strong></span> 
     </span>
     <span class='ocr_line' id='line_1_15' title="bbox 469 1295 1802 1350; baseline 0.001 -14"><span class='ocrx_word' id='word_1_118' title='bbox 469 1303 504 1336; x_wconf 79' lang='lat' dir='ltr'><strong>et</strong></span> <span class='ocrx_word' id='word_1_119' title='bbox 526 1296 697 1349; x_wconf 80' lang='lat' dir='ltr'><strong>spiritum</strong></span> <span class='ocrx_word' id='word_1_120' title='bbox 717 1303 856 1336; x_wconf 84' lang='lat' dir='ltr'><strong>rectum</strong></span> <span class='ocrx_word' id='word_1_121' title='bbox 883 1297 1022 1336; x_wconf 83' lang='lat' dir='ltr'><strong>innova</strong></span> <span class='ocrx_word' id='word_1_122' title='bbox 1051 1297 1089 1336; x_wconf 87' lang='lat' dir='ltr'><strong>in</strong></span> <span class='ocrx_word' id='word_1_123' title='bbox 1111 1295 1312 1337; x_wconf 85' lang='lat' dir='ltr'><strong>visceribus</strong></span> <span class='ocrx_word' id='word_1_124' title='bbox 1331 1309 1469 1345; x_wconf 84' lang='lat' dir='ltr'><strong>eorum,</strong></span> <span class='ocrx_word' id='word_1_125' title='bbox 1499 1303 1541 1337; x_wconf 88' lang='lat' dir='ltr'><strong>ut</strong></span> <span class='ocrx_word' id='word_1_126' title='bbox 1560 1304 1802 1350; x_wconf 87' lang='lat' dir='ltr'><strong>cognoscant</strong></span> 
     </span>
     <span class='ocr_line' id='line_1_16' title="bbox 464 1355 1801 1415; baseline 0.001 -15"><span class='ocrx_word' id='word_1_127' title='bbox 464 1358 606 1402; x_wconf 79' lang='lat' dir='ltr'><strong>faciant</strong></span> <span class='ocrx_word' id='word_1_128' title='bbox 633 1359 876 1402; x_wconf 87' lang='lat' dir='ltr'><strong>voluntatem</strong></span> <span class='ocrx_word' id='word_1_129' title='bbox 902 1355 1030 1410; x_wconf 65' lang='lat' dir='ltr'><strong>tuam,</strong></span> <span class='ocrx_word' id='word_1_130' title='bbox 1066 1362 1104 1401; x_wconf 85' lang='lat' dir='ltr'><strong>in</strong></span> <span class='ocrx_word' id='word_1_131' title='bbox 1137 1360 1245 1401; x_wconf 71' lang='lat' dir='ltr'><strong>corde</strong></span> <span class='ocrx_word' id='word_1_132' title='bbox 1271 1357 1384 1415; x_wconf 75' lang='lat' dir='ltr'><strong>ple&#39;no</strong></span> <span class='ocrx_word' id='word_1_133' title='bbox 1419 1368 1452 1401; x_wconf 77' lang='lat' dir='ltr'><strong>ct</strong></span> <span class='ocrx_word' id='word_1_134' title='bbox 1480 1361 1610 1402; x_wconf 85' lang='lat' dir='ltr'><strong>anima</strong></span> <span class='ocrx_word' id='word_1_135' title='bbox 1646 1360 1801 1402; x_wconf 77' lang='lat' dir='ltr'><strong>volente.</strong></span> 
     </span>
     <span class='ocr_line' id='line_1_17' title="bbox 452 1424 1803 1478; baseline 0.001 -13"><span class='ocrx_word' id='word_1_136' title='bbox 452 1426 582 1478; x_wconf 84' lang='lat' dir='ltr'><strong>ignare</strong></span> <span class='ocrx_word' id='word_1_137' title='bbox 603 1424 688 1466; x_wconf 88' lang='lat' dir='ltr'><strong>illos</strong></span> <span class='ocrx_word' id='word_1_138' title='bbox 714 1425 933 1467; x_wconf 87' lang='lat' dir='ltr'><strong>initiatione</strong></span> <span class='ocrx_word' id='word_1_139' title='bbox 959 1432 1091 1467; x_wconf 89' lang='lat' dir='ltr'><strong>sancta</strong></span> <span class='ocrx_word' id='word_1_140' title='bbox 1111 1433 1148 1467; x_wconf 92' lang='lat' dir='ltr'><strong>et</strong></span> <span class='ocrx_word' id='word_1_141' title='bbox 1180 1425 1305 1467; x_wconf 84' lang='lat' dir='ltr'><strong>aduna</strong></span> <span class='ocrx_word' id='word_1_142' title='bbox 1333 1425 1382 1467; x_wconf 91' lang='lat' dir='ltr'><strong>ad</strong></span> <span class='ocrx_word' id='word_1_143' title='bbox 1400 1433 1572 1467; x_wconf 85' lang='lat' dir='ltr'><strong>sanctam</strong></span> <span class='ocrx_word' id='word_1_144' title='bbox 1601 1425 1803 1467; x_wconf 89' lang='lat' dir='ltr'><strong>ecclesiam</strong></span> 
     </span>
     <span class='ocr_line' id='line_1_18' title="bbox 452 1488 1805 1545; baseline 0.001 -15"><span class='ocrx_word' id='word_1_145' title='bbox 452 1495 491 1530; x_wconf 91' lang='lat' dir='ltr'><strong>et</strong></span> <span class='ocrx_word' id='word_1_146' title='bbox 510 1488 568 1530; x_wconf 85' lang='lat' dir='ltr'><strong>fac</strong></span> <span class='ocrx_word' id='word_1_147' title='bbox 598 1490 801 1543; x_wconf 84' lang='lat' dir='ltr'><strong>participes</strong></span> <span class='ocrx_word' id='word_1_148' title='bbox 821 1489 1045 1541; x_wconf 77' lang='lat' dir='ltr'><strong>divinorum</strong></span> <span class='ocrx_word' id='word_1_149' title='bbox 1066 1491 1343 1545; x_wconf 87' lang='lat' dir='ltr'><strong>mysteriorum</strong></span> <span class='ocrx_word' id='word_1_150' title='bbox 1370 1499 1437 1544; x_wconf 83' lang='lat' dir='ltr'><strong>per</strong></span> <span class='ocrx_word' id='word_1_151' title='bbox 1455 1491 1576 1531; x_wconf 85' lang='lat' dir='ltr'><strong>Iesum</strong></span> <span class='ocrx_word' id='word_1_152' title='bbox 1601 1490 1805 1540; x_wconf 85' lang='lat' dir='ltr'><strong>Christum,</strong></span> 
     </span>
     <span class='ocr_line' id='line_1_19' title="bbox 453 1554 1806 1610; baseline 0.001 -16"><span class='ocrx_word' id='word_1_153' title='bbox 453 1562 621 1604; x_wconf 68' lang='lat' dir='ltr'><strong>rostram,</strong></span> <span class='ocrx_word' id='word_1_154' title='bbox 651 1555 715 1608; x_wconf 91' lang='lat' dir='ltr'><strong>qui</strong></span> <span class='ocrx_word' id='word_1_155' title='bbox 745 1568 817 1609; x_wconf 88' lang='lat' dir='ltr'><strong>pro</strong></span> <span class='ocrx_word' id='word_1_156' title='bbox 846 1555 939 1609; x_wconf 91' lang='lat' dir='ltr'><strong>ipsis</strong></span> <span class='ocrx_word' id='word_1_157' title='bbox 969 1562 1147 1596; x_wconf 89' lang='lat' dir='ltr'><strong>mortuus</strong></span> <span class='ocrx_word' id='word_1_158' title='bbox 1177 1562 1249 1605; x_wconf 90' lang='lat' dir='ltr'><strong>est,</strong></span> <span class='ocrx_word' id='word_1_159' title='bbox 1278 1569 1346 1608; x_wconf 91' lang='lat' dir='ltr'><strong>per</strong></span> <span class='ocrx_word' id='word_1_160' title='bbox 1370 1569 1487 1610; x_wconf 89' lang='lat' dir='ltr'><strong>quem</strong></span> <span class='ocrx_word' id='word_1_161' title='bbox 1517 1554 1585 1596; x_wconf 91' lang='lat' dir='ltr'><strong>tibi</strong></span> <span class='ocrx_word' id='word_1_162' title='bbox 1614 1554 1737 1609; x_wconf 86' lang='lat' dir='ltr'><strong>gloria</strong></span> <span class='ocrx_word' id='word_1_163' title='bbox 1768 1563 1806 1596; x_wconf 90' lang='lat' dir='ltr'><strong>et</strong></span> 
     </span>
     <span class='ocr_line' id='line_1_20' title="bbox 454 1619 1806 1673; baseline 0.001 -14"><span class='ocrx_word' id='word_1_164' title='bbox 454 1620 494 1659; x_wconf 92' lang='lat' dir='ltr'><strong>io</strong></span> <span class='ocrx_word' id='word_1_165' title='bbox 523 1620 562 1659; x_wconf 90' lang='lat' dir='ltr'><strong>in</strong></span> <span class='ocrx_word' id='word_1_166' title='bbox 592 1626 728 1660; x_wconf 87' lang='lat' dir='ltr'><strong>sancto</strong></span> <span class='ocrx_word' id='word_1_167' title='bbox 748 1620 884 1673; x_wconf 91' lang='lat' dir='ltr'><strong>spiritu</strong></span> <span class='ocrx_word' id='word_1_168' title='bbox 912 1619 951 1660; x_wconf 91' lang='lat' dir='ltr'><strong>in</strong></span> <span class='ocrx_word' id='word_1_169' title='bbox 980 1620 1143 1670; x_wconf 88' lang='lat' dir='ltr'><strong>saecula,</strong></span> <span class='ocrx_word' id='word_1_170' title='bbox 1173 1633 1302 1661; x_wconf 85' lang='lat' dir='ltr'><strong>amen.</strong></span> <span class='ocrx_word' id='word_1_171' title='bbox 1356 1633 1416 1673; x_wconf 90' lang='lat'><strong>14.</strong></span> <span class='ocrx_word' id='word_1_172' title='bbox 1446 1620 1493 1661; x_wconf 88' lang='lat' dir='ltr'><strong>Et</strong></span> <span class='ocrx_word' id='word_1_173' title='bbox 1512 1627 1602 1673; x_wconf 91' lang='lat' dir='ltr'><strong>post</strong></span> <span class='ocrx_word' id='word_1_174' title='bbox 1631 1620 1707 1661; x_wconf 90' lang='lat' dir='ltr'><strong>hoc</strong></span> <span class='ocrx_word' id='word_1_175' title='bbox 1728 1619 1806 1660; x_wconf 89' lang='lat' dir='ltr'><strong>dia-</strong></span> 
     </span>
     <span class='ocr_line' id='line_1_21' title="bbox 472 1683 1260 1739; baseline 0.001 -15"><span class='ocrx_word' id='word_1_176' title='bbox 472 1683 591 1725; x_wconf 85' lang='lat' dir='ltr'><strong>dicat:</strong></span> <span class='ocrx_word' id='word_1_177' title='bbox 619 1683 742 1734; x_wconf 85' lang='lat' dir='ltr'><strong>Exite,</strong></span> <span class='ocrx_word' id='word_1_178' title='bbox 772 1684 1056 1735; x_wconf 87' lang='lat' dir='ltr'><strong>catechumeni,</strong></span> <span class='ocrx_word' id='word_1_179' title='bbox 1085 1685 1123 1725; x_wconf 90' lang='lat' dir='ltr'><strong>in</strong></span> <span class='ocrx_word' id='word_1_180' title='bbox 1154 1698 1260 1739; x_wconf 88' lang='lat' dir='ltr'><strong>pace.</strong></span> 
     </span>
     <span class='ocr_line' id='line_1_22' title="bbox 453 1748 1806 1803; baseline 0.001 -14"><span class='ocrx_word' id='word_1_181' title='bbox 453 1748 513 1789; x_wconf 78' lang='lat'>⁷11.</span> <span class='ocrx_word' id='word_1_182' title='bbox 542 1748 723 1803; x_wconf 90' lang='lat' dir='ltr'><strong>Cumque</strong></span> <span class='ocrx_word' id='word_1_183' title='bbox 744 1749 768 1790; x_wconf 91' lang='lat' dir='ltr'><strong>ii</strong></span> <span class='ocrx_word' id='word_1_184' title='bbox 790 1749 966 1799; x_wconf 81' lang='lat' dir='ltr'><strong>exierint,</strong></span> <span class='ocrx_word' id='word_1_185' title='bbox 987 1748 1105 1791; x_wconf 83' lang='lat' dir='ltr'><strong>dicat:</strong></span> <span class='ocrx_word' id='word_1_186' title='bbox 1141 1762 1179 1790; x_wconf 91' lang='lat'><strong>2.</strong></span> <span class='ocrx_word' id='word_1_187' title='bbox 1200 1748 1324 1791; x_wconf 88' lang='lat' dir='ltr'><strong>Orate</strong></span> <span class='ocrx_word' id='word_1_188' title='bbox 1345 1749 1602 1803; x_wconf 88' lang='lat' dir='ltr'><strong>energumeni</strong></span> <span class='ocrx_word' id='word_1_189' title='bbox 1623 1757 1662 1791; x_wconf 94' lang='lat' dir='ltr'><strong>et</strong></span> <span class='ocrx_word' id='word_1_190' title='bbox 1681 1751 1806 1791; x_wconf 84' lang='lat' dir='ltr'><strong>vexati</strong></span> 
     </span>
     <span class='ocr_line' id='line_1_23' title="bbox 452 1812 1809 1869; baseline 0.002 -16"><span class='ocrx_word' id='word_1_191' title='bbox 452 1812 576 1854; x_wconf 80' lang='lat' dir='ltr'><strong>-itibus</strong></span> <span class='ocrx_word' id='word_1_192' title='bbox 616 1812 841 1854; x_wconf 90' lang='lat' dir='ltr'><strong>immundis.</strong></span> <span class='ocrx_word' id='word_1_193' title='bbox 891 1814 1045 1855; x_wconf 89' lang='lat' dir='ltr'><strong>Intente</strong></span> <span class='ocrx_word' id='word_1_194' title='bbox 1082 1815 1209 1856; x_wconf 91' lang='lat' dir='ltr'><strong>cuncti</strong></span> <span class='ocrx_word' id='word_1_195' title='bbox 1250 1828 1321 1869; x_wconf 89' lang='lat' dir='ltr'><strong>pro</strong></span> <span class='ocrx_word' id='word_1_196' title='bbox 1362 1815 1418 1854; x_wconf 88' lang='lat' dir='ltr'><strong>eis</strong></span> <span class='ocrx_word' id='word_1_197' title='bbox 1459 1814 1726 1868; x_wconf 88' lang='lat' dir='ltr'><strong>deprecemur,</strong></span> <span class='ocrx_word' id='word_1_198' title='bbox 1767 1823 1809 1856; x_wconf 91' lang='lat' dir='ltr'><strong>ut</strong></span> 
     </span>
    </p>
   </div>
   <div class='ocr_carea' id='block_1_3' title="bbox 1617 1877 1807 1881">
    <p class='ocr_par' dir='ltr' id='par_1_3' title="bbox 1617 1877 1807 1881">
     <span class='ocr_line' id='line_1_24' title="bbox 1617 1877 1807 1881; baseline 0 0"><span class='ocrx_word' id='word_1_199' title='bbox 1617 1877 1807 1881; x_wconf 95' lang='lat' dir='ltr'><strong> </strong></span> 
     </span>
    </p>
   </div>
   <div class='ocr_carea' id='block_1_4' title="bbox 452 1888 1044 2958">
    <p class='ocr_par' dir='ltr' id='par_1_4' title="bbox 452 1888 1038 2517">
     <span class='ocr_line' id='line_1_25' title="bbox 452 1888 1030 1932; baseline 0.003 -10"><span class='ocrx_word' id='word_1_200' title='bbox 452 1900 468 1929; x_wconf 79' lang='grc' dir='ltr'><em>ς</em></span> <span class='ocrx_word' id='word_1_201' title='bbox 488 1889 727 1932; x_wconf 81' lang='grc' dir='ltr'>προείπομεν]</span> <span class='ocrx_word' id='word_1_202' title='bbox 752 1899 797 1922; x_wconf 91' lang='lat' dir='ltr'><strong>sc.</strong></span> <span class='ocrx_word' id='word_1_203' title='bbox 821 1902 850 1923; x_wconf 89' lang='lat' dir='ltr'><strong>v.</strong></span> <span class='ocrx_word' id='word_1_204' title='bbox 867 1898 898 1930; x_wconf 90' lang='lat'><strong>4.</strong></span> <span class='ocrx_word' id='word_1_205' title='bbox 922 1909 963 1913; x_wconf 97' lang='lat'><strong>—</strong></span> <span class='ocrx_word' id='word_1_206' title='bbox 988 1888 1030 1924; x_wconf 84' lang='grc' dir='ltr'><strong>τὰ</strong></span> 
     </span>
     <span class='ocr_line' id='line_1_26' title="bbox 452 1942 1032 1985; baseline 0.002 -9"><span class='ocrx_word' id='word_1_207' title='bbox 452 1943 458 1985; x_wconf 94' lang='grc' dir='ltr'>Ι</span> <span class='ocrx_word' id='word_1_208' title='bbox 483 1942 534 1976; x_wconf 84' lang='lat' dir='ltr'><strong>Cf.</strong></span> <span class='ocrx_word' id='word_1_209' title='bbox 551 1943 648 1976; x_wconf 88' lang='lat' dir='ltr'><strong>Basil.</strong></span> <span class='ocrx_word' id='word_1_210' title='bbox 671 1943 708 1976; x_wconf 92' lang='lat' dir='ltr'><strong>Iu</strong></span> <span class='ocrx_word' id='word_1_211' title='bbox 731 1943 850 1976; x_wconf 83' lang='lat' dir='ltr'><strong>samem</strong></span> <span class='ocrx_word' id='word_1_212' title='bbox 876 1950 908 1976; x_wconf 85' lang='lat' dir='ltr'><strong>et</strong></span> <span class='ocrx_word' id='word_1_213' title='bbox 931 1944 1032 1977; x_wconf 85' lang='lat' dir='ltr'><strong>siccit.</strong></span> 
     </span>
     <span class='ocr_line' id='line_1_27' title="bbox 457 1996 1032 2041; baseline 0.003 -12"><span class='ocrx_word' id='word_1_214' title='bbox 457 2022 464 2030; x_wconf 91' lang='lat'><strong>.</strong></span> <span class='ocrx_word' id='word_1_215' title='bbox 491 2006 524 2039; x_wconf 75' lang='lat'><strong>33</strong></span> <span class='ocrx_word' id='word_1_216' title='bbox 548 1996 721 2041; x_wconf 84' lang='lat' dir='ltr'><strong>Chrysost.</strong></span> <span class='ocrx_word' id='word_1_217' title='bbox 745 1997 779 2030; x_wconf 88' lang='lat' dir='ltr'><strong>ln</strong></span> <span class='ocrx_word' id='word_1_218' title='bbox 804 1997 918 2031; x_wconf 85' lang='lat' dir='ltr'><strong>Matth.</strong></span> <span class='ocrx_word' id='word_1_219' title='bbox 941 1998 1032 2031; x_wconf 88' lang='lat' dir='ltr'><strong>hom.</strong></span> 
     </span>
     <span class='ocr_line' id='line_1_28' title="bbox 459 2050 1033 2094; baseline 0.003 -11"><span class='ocrx_word' id='word_1_220' title='bbox 459 2063 468 2091; x_wconf 87' lang='lat'>;</span> <span class='ocrx_word' id='word_1_221' title='bbox 491 2050 715 2094; x_wconf 85' lang='lat' dir='ltr'><strong>Peregrinatio</strong></span> <span class='ocrx_word' id='word_1_222' title='bbox 737 2050 856 2085; x_wconf 84' lang='lat' dir='ltr'><strong>Silviae</strong></span> <span class='ocrx_word' id='word_1_223' title='bbox 880 2062 907 2085; x_wconf 90' lang='lat' dir='ltr'><strong>c.</strong></span> <span class='ocrx_word' id='word_1_224' title='bbox 927 2060 978 2091; x_wconf 74' lang='lat'><strong>24,</strong></span> <span class='ocrx_word' id='word_1_225' title='bbox 999 2061 1033 2093; x_wconf 87' lang='lat'><strong>5;</strong></span> 
     </span>
     <span class='ocr_line' id='line_1_29' title="bbox 452 2104 1034 2139; baseline 0.002 -2"><span class='ocrx_word' id='word_1_226' title='bbox 452 2110 571 2137; x_wconf 74' lang='lat' dir='ltr'><strong>uentum</strong></span> <span class='ocrx_word' id='word_1_227' title='bbox 590 2104 725 2138; x_wconf 87' lang='lat' dir='ltr'><strong>Domini</strong></span> <span class='ocrx_word' id='word_1_228' title='bbox 748 2106 849 2139; x_wconf 85' lang='lat' dir='ltr'><strong>nostri</strong></span> <span class='ocrx_word' id='word_1_229' title='bbox 873 2106 922 2138; x_wconf 88' lang='lat' dir='ltr'><strong>ed.</strong></span> <span class='ocrx_word' id='word_1_230' title='bbox 947 2106 1034 2138; x_wconf 85' lang='lat' dir='ltr'><strong>Rab-</strong></span> 
     </span>
     <span class='ocr_line' id='line_1_30' title="bbox 453 2159 1034 2203; baseline 0 -11"><span class='ocrx_word' id='word_1_231' title='bbox 453 2159 515 2203; x_wconf 87' lang='lat'><strong>899</strong></span> <span class='ocrx_word' id='word_1_232' title='bbox 537 2159 562 2198; x_wconf 89' lang='lat'><strong>1,</strong></span> <span class='ocrx_word' id='word_1_233' title='bbox 586 2159 628 2191; x_wconf 87' lang='lat'><strong>26</strong></span> <span class='ocrx_word' id='word_1_234' title='bbox 652 2170 685 2202; x_wconf 89' lang='lat' dir='ltr'><strong>p.</strong></span> <span class='ocrx_word' id='word_1_235' title='bbox 712 2169 760 2201; x_wconf 86' lang='lat'><strong>55.</strong></span> <span class='ocrx_word' id='word_1_236' title='bbox 805 2159 843 2192; x_wconf 90' lang='lat' dir='ltr'><strong>In</strong></span> <span class='ocrx_word' id='word_1_237' title='bbox 871 2160 933 2193; x_wconf 87' lang='lat' dir='ltr'><strong>ritu</strong></span> <span class='ocrx_word' id='word_1_238' title='bbox 956 2159 1034 2203; x_wconf 87' lang='lat' dir='ltr'><strong>bap-</strong></span> 
     </span>
     <span class='ocr_line' id='line_1_31' title="bbox 452 2213 1035 2257; baseline 0.003 -12"><span class='ocrx_word' id='word_1_239' title='bbox 452 2222 534 2256; x_wconf 72' lang='lat' dir='ltr'><strong>1uem</strong></span> <span class='ocrx_word' id='word_1_240' title='bbox 549 2213 573 2247; x_wconf 89' lang='lat'><strong>1.</strong></span> <span class='ocrx_word' id='word_1_241' title='bbox 587 2213 688 2253; x_wconf 83' lang='lat' dir='ltr'><strong>Goar,</strong></span> <span class='ocrx_word' id='word_1_242' title='bbox 705 2213 935 2257; x_wconf 86' lang='lat' dir='ltr'><strong>Euchologion</strong></span> <span class='ocrx_word' id='word_1_243' title='bbox 953 2213 1035 2256; x_wconf 90' lang='lat'>1647</span> 
     </span>
     <span class='ocr_line' id='line_1_32' title="bbox 452 2267 1035 2311; baseline 0.002 -12"><span class='ocrx_word' id='word_1_244' title='bbox 452 2286 475 2291; x_wconf 97' lang='lat'>-</span> <span class='ocrx_word' id='word_1_245' title='bbox 482 2276 541 2310; x_wconf 83' lang='lat'><strong>359</strong></span> <span class='ocrx_word' id='word_1_246' title='bbox 558 2267 743 2310; x_wconf 81' lang='lat' dir='ltr'><strong>publicavit,</strong></span> <span class='ocrx_word' id='word_1_247' title='bbox 763 2279 824 2301; x_wconf 83' lang='lat' dir='ltr'><strong>una</strong></span> <span class='ocrx_word' id='word_1_248' title='bbox 840 2279 915 2301; x_wconf 84' lang='lat' dir='ltr'><strong>curn</strong></span> <span class='ocrx_word' id='word_1_249' title='bbox 932 2268 1035 2311; x_wconf 81' lang='lat' dir='ltr'><strong>psalte</strong></span> 
     </span>
     <span class='ocr_line' id='line_1_33' title="bbox 452 2321 1000 2365; baseline 0.002 -11"><span class='ocrx_word' id='word_1_250' title='bbox 452 2322 461 2354; x_wconf 90' lang='lat' dir='ltr'><strong>i</strong></span> <span class='ocrx_word' id='word_1_251' title='bbox 485 2327 788 2354; x_wconf 84' lang='lat' dir='ltr'><strong>commemorantur</strong></span> <span class='ocrx_word' id='word_1_252' title='bbox 812 2321 1000 2365; x_wconf 73' lang='lat' dir='ltr'><strong>psallentes,</strong></span> 
     </span>
     <span class='ocr_line' id='line_1_34' title="bbox 456 2372 1036 2419; baseline 0 -11"><span class='ocrx_word' id='word_1_253' title='bbox 456 2372 547 2417; x_wconf 68' lang='grc' dir='ltr'><strong>Εὕχὴ</strong></span> <span class='ocrx_word' id='word_1_254' title='bbox 581 2376 861 2418; x_wconf 77' lang='grc' dir='ltr'><strong>κατηχουμένων</strong></span> <span class='ocrx_word' id='word_1_255' title='bbox 894 2377 959 2419; x_wconf 91' lang='grc'><strong>(&gt;</strong></span> <span class='ocrx_word' id='word_1_256' title='bbox 985 2377 1036 2419; x_wconf 82' lang='grc' dir='ltr'><strong>ν)·</strong></span> 
     </span>
     <span class='ocr_line' id='line_1_35' title="bbox 454 2428 1038 2474; baseline -0.002 -11"><span class='ocrx_word' id='word_1_257' title='bbox 454 2430 533 2463; x_wconf 74' lang='lat' dir='ltr'><strong>wia</strong></span> <span class='ocrx_word' id='word_1_258' title='bbox 566 2428 625 2463; x_wconf 80' lang='grc' dir='ltr'><strong>ἐπὶ</strong></span> <span class='ocrx_word' id='word_1_259' title='bbox 658 2432 731 2463; x_wconf 75' lang='grc' dir='ltr'><strong>τῶν</strong></span> <span class='ocrx_word' id='word_1_260' title='bbox 762 2430 1038 2474; x_wconf 73' lang='grc' dir='ltr'><strong><em>κατηχουμένων</em></strong></span> 
     </span>
     <span class='ocr_line' id='line_1_36' title="bbox 453 2484 597 2517; baseline 0.007 -2"><span class='ocrx_word' id='word_1_261' title='bbox 453 2489 499 2516; x_wconf 75' lang='lat' dir='ltr'><strong>int</strong></span> <span class='ocrx_word' id='word_1_262' title='bbox 522 2484 542 2516; x_wconf 84' lang='lat' dir='ltr'><strong>d</strong></span> <span class='ocrx_word' id='word_1_263' title='bbox 567 2495 597 2517; x_wconf 88' lang='lat' dir='ltr'><strong>v.</strong></span> 
     </span>
    </p>

    <p class='ocr_par' dir='ltr' id='par_1_5' title="bbox 452 2533 1044 2958">
     <span class='ocr_line' id='line_1_37' title="bbox 452 2533 1038 2581; baseline 0.003 -11"><span class='ocrx_word' id='word_1_264' title='bbox 452 2533 469 2570; x_wconf 84' lang='grc' dir='ltr'><strong>ὁ</strong></span> <span class='ocrx_word' id='word_1_265' title='bbox 494 2535 582 2577; x_wconf 75' lang='grc' dir='ltr'><strong>θεὸς</strong></span> <span class='ocrx_word' id='word_1_266' title='bbox 610 2533 856 2581; x_wconf 64' lang='grc' dir='ltr'><strong><em>παρακλήτου]</em></strong></span> <span class='ocrx_word' id='word_1_267' title='bbox 885 2538 1038 2572; x_wconf 82' lang='lat' dir='ltr'><strong>Similiter</strong></span> 
     </span>
     <span class='ocr_line' id='line_1_38' title="bbox 452 2591 1038 2633; baseline 0.002 -9"><span class='ocrx_word' id='word_1_268' title='bbox 452 2599 475 2624; x_wconf 72' lang='grc' dir='ltr'><strong>ι.</strong></span> <span class='ocrx_word' id='word_1_269' title='bbox 514 2591 696 2624; x_wconf 85' lang='lat' dir='ltr'><strong>Durissima</strong></span> <span class='ocrx_word' id='word_1_270' title='bbox 720 2591 852 2633; x_wconf 82' lang='lat' dir='ltr'><strong>locutio,</strong></span> <span class='ocrx_word' id='word_1_271' title='bbox 876 2593 920 2625; x_wconf 83' lang='lat' dir='ltr'><strong>ait</strong></span> <span class='ocrx_word' id='word_1_272' title='bbox 937 2591 1038 2625; x_wconf 90' lang='lat' dir='ltr'><strong>Cote-</strong></span> 
     </span>
     <span class='ocr_line' id='line_1_39' title="bbox 462 2644 1038 2679; baseline 0.002 -1"><span class='ocrx_word' id='word_1_273' title='bbox 462 2644 612 2678; x_wconf 80' lang='lat' dir='ltr'><strong>offendit</strong></span> <span class='ocrx_word' id='word_1_274' title='bbox 629 2645 693 2678; x_wconf 89' lang='lat' dir='ltr'><strong>iam</strong></span> <span class='ocrx_word' id='word_1_275' title='bbox 711 2651 855 2679; x_wconf 84' lang='lat' dir='ltr'><strong>veterem</strong></span> <span class='ocrx_word' id='word_1_276' title='bbox 873 2646 1038 2679; x_wconf 88' lang='lat' dir='ltr'><strong>librarium</strong></span> 
     </span>
     <span class='ocr_line' id='line_1_40' title="bbox 455 2699 1039 2733; baseline 0.002 -1"><span class='ocrx_word' id='word_1_277' title='bbox 455 2705 488 2732; x_wconf 88' lang='lat' dir='ltr'><strong>ut</strong></span> <span class='ocrx_word' id='word_1_278' title='bbox 520 2705 830 2733; x_wconf 79' lang='lat' dir='ltr'><strong>textum-mutaret.</strong></span> <span class='ocrx_word' id='word_1_279' title='bbox 884 2699 936 2733; x_wconf 90' lang='lat' dir='ltr'><strong>Cf.</strong></span> <span class='ocrx_word' id='word_1_280' title='bbox 971 2706 1039 2733; x_wconf 89' lang='lat' dir='ltr'><strong>not.</strong></span> 
     </span>
     <span class='ocr_line' id='line_1_41' title="bbox 452 2753 1040 2788; baseline 0.002 -2"><span class='ocrx_word' id='word_1_281' title='bbox 452 2753 511 2787; x_wconf 58' lang='lat' dir='ltr'><strong>«on</strong></span> <span class='ocrx_word' id='word_1_282' title='bbox 534 2760 647 2788; x_wconf 82' lang='lat' dir='ltr'><strong>autem</strong></span> <span class='ocrx_word' id='word_1_283' title='bbox 670 2755 854 2788; x_wconf 83' lang='lat' dir='ltr'><strong>necessario</strong></span> <span class='ocrx_word' id='word_1_284' title='bbox 869 2754 910 2787; x_wconf 88' lang='lat' dir='ltr'><strong>ad</strong></span> <span class='ocrx_word' id='word_1_285' title='bbox 925 2754 1040 2787; x_wconf 89' lang='lat' dir='ltr'><strong>Mado-</strong></span> 
     </span>
     <span class='ocr_line' id='line_1_42' title="bbox 452 2807 1040 2852; baseline 0 -11"><span class='ocrx_word' id='word_1_286' title='bbox 452 2818 523 2841; x_wconf 77' lang='lat' dir='ltr'><strong>:1um</strong></span> <span class='ocrx_word' id='word_1_287' title='bbox 552 2807 726 2841; x_wconf 77' lang='lat' dir='ltr'><strong>referenda</strong></span> <span class='ocrx_word' id='word_1_288' title='bbox 760 2814 824 2849; x_wconf 85' lang='lat' dir='ltr'><strong>est;</strong></span> <span class='ocrx_word' id='word_1_289' title='bbox 860 2808 966 2852; x_wconf 85' lang='lat' dir='ltr'><strong>potuit</strong></span> <span class='ocrx_word' id='word_1_290' title='bbox 1000 2808 1040 2841; x_wconf 86' lang='lat' dir='ltr'><strong>ab</strong></span> 
     </span>
     <span class='ocr_line' id='line_1_43' title="bbox 452 2861 1039 2906; baseline 0.002 -12"><span class='ocrx_word' id='word_1_291' title='bbox 452 2863 558 2895; x_wconf 74' lang='lat' dir='ltr'><strong>narista</strong></span> <span class='ocrx_word' id='word_1_292' title='bbox 571 2872 703 2906; x_wconf 86' lang='lat' dir='ltr'><strong>quoque</strong></span> <span class='ocrx_word' id='word_1_293' title='bbox 717 2861 875 2906; x_wconf 87' lang='lat' dir='ltr'><strong>proficisci</strong></span> <span class='ocrx_word' id='word_1_294' title='bbox 894 2867 925 2895; x_wconf 86' lang='lat' dir='ltr'><strong>et</strong></span> <span class='ocrx_word' id='word_1_295' title='bbox 942 2863 1039 2895; x_wconf 88' lang='lat' dir='ltr'><strong>etiam</strong></span> 
     </span>
     <span class='ocr_line' id='line_1_44' title="bbox 453 2917 1044 2958; baseline 0 -8"><span class='ocrx_word' id='word_1_296' title='bbox 453 2927 514 2958; x_wconf 71' lang='lat' dir='ltr'><strong>xx,</strong></span> <span class='ocrx_word' id='word_1_297' title='bbox 537 2918 670 2950; x_wconf 74' lang='lat' dir='ltr'><strong>Dzmsc.</strong></span> <span class='ocrx_word' id='word_1_298' title='bbox 693 2926 732 2950; x_wconf 72' lang='lat' dir='ltr'><strong>rr</strong></span> <span class='ocrx_word' id='word_1_299' title='bbox 753 2917 902 2951; x_wconf 60' lang='lat' dir='ltr'><strong>Cous-rvr.</strong></span> <span class='ocrx_word' id='word_1_300' title='bbox 925 2927 975 2950; x_wconf 75' lang='grc' dir='ltr'><strong>ΛΡ.</strong></span> <span class='ocrx_word' id='word_1_301' title='bbox 1021 2917 1044 2950; x_wconf 91' lang='lat'><strong>1.</strong></span> 
     </span>
    </p>
   </div>
   <div class='ocr_carea' id='block_1_5' title="bbox 1098 1889 1819 2949">
    <p class='ocr_par' dir='ltr' id='par_1_6' title="bbox 1098 1889 1811 2042">
     <span class='ocr_line' id='line_1_45' title="bbox 1099 1889 1810 1929; baseline 0.003 -7"><span class='ocrx_word' id='word_1_302' title='bbox 1099 1889 1223 1923; x_wconf 73' lang='lat' dir='ltr'><strong>facilius</strong></span> <span class='ocrx_word' id='word_1_303' title='bbox 1236 1890 1276 1922; x_wconf 89' lang='lat' dir='ltr'><strong>ab</strong></span> <span class='ocrx_word' id='word_1_304' title='bbox 1289 1900 1330 1922; x_wconf 90' lang='lat' dir='ltr'><strong>eo</strong></span> <span class='ocrx_word' id='word_1_305' title='bbox 1344 1890 1475 1929; x_wconf 88' lang='lat' dir='ltr'><strong>servari,</strong></span> <span class='ocrx_word' id='word_1_306' title='bbox 1492 1890 1520 1922; x_wconf 87' lang='lat' dir='ltr'><strong>si</strong></span> <span class='ocrx_word' id='word_1_307' title='bbox 1535 1890 1684 1923; x_wconf 86' lang='lat' dir='ltr'><strong>oratione</strong></span> <span class='ocrx_word' id='word_1_308' title='bbox 1701 1897 1810 1924; x_wconf 86' lang='lat' dir='ltr'><strong>vetere</strong></span> 
     </span>
     <span class='ocr_line' id='line_1_46' title="bbox 1098 1943 1810 1977; baseline 0 -1"><span class='ocrx_word' id='word_1_309' title='bbox 1098 1944 1213 1977; x_wconf 84' lang='lat' dir='ltr'><strong>tradita</strong></span> <span class='ocrx_word' id='word_1_310' title='bbox 1225 1943 1294 1977; x_wconf 83' lang='lat' dir='ltr'><strong>fuit.</strong></span> <span class='ocrx_word' id='word_1_311' title='bbox 1306 1944 1431 1977; x_wconf 84' lang='lat' dir='ltr'><strong>Revera</strong></span> <span class='ocrx_word' id='word_1_312' title='bbox 1438 1943 1562 1977; x_wconf 84' lang='lat' dir='ltr'><strong>locutio</strong></span> <span class='ocrx_word' id='word_1_313' title='bbox 1571 1954 1638 1976; x_wconf 90' lang='lat' dir='ltr'><strong>non</strong></span> <span class='ocrx_word' id='word_1_314' title='bbox 1645 1943 1755 1977; x_wconf 89' lang='lat' dir='ltr'><strong>durior</strong></span> <span class='ocrx_word' id='word_1_315' title='bbox 1762 1951 1810 1977; x_wconf 84' lang='lat' dir='ltr'><strong>est</strong></span> 
     </span>
     <span class='ocr_line' id='line_1_47' title="bbox 1099 1997 1811 2042; baseline 0 -11"><span class='ocrx_word' id='word_1_316' title='bbox 1099 2008 1194 2042; x_wconf 87' lang='lat' dir='ltr'><strong>quam</strong></span> <span class='ocrx_word' id='word_1_317' title='bbox 1205 1998 1412 2041; x_wconf 82' lang='lat' dir='ltr'><strong>praecedens,</strong></span> <span class='ocrx_word' id='word_1_318' title='bbox 1421 1998 1461 2031; x_wconf 85' lang='lat' dir='ltr'><strong>de</strong></span> <span class='ocrx_word' id='word_1_319' title='bbox 1475 2008 1535 2042; x_wconf 84' lang='lat' dir='ltr'><strong>qua</strong></span> <span class='ocrx_word' id='word_1_320' title='bbox 1545 1997 1695 2031; x_wconf 84' lang='lat' dir='ltr'><strong>conferas</strong></span> <span class='ocrx_word' id='word_1_321' title='bbox 1707 2008 1734 2032; x_wconf 92' lang='lat' dir='ltr'><strong>c.</strong></span> <span class='ocrx_word' id='word_1_322' title='bbox 1746 2008 1773 2040; x_wconf 85' lang='lat'><strong>5,</strong></span> <span class='ocrx_word' id='word_1_323' title='bbox 1782 2008 1811 2031; x_wconf 87' lang='lat'><strong>2.</strong></span> 
     </span>
    </p>

    <p class='ocr_par' dir='ltr' id='par_1_7' title="bbox 1100 2051 1813 2256">
     <span class='ocr_line' id='line_1_48' title="bbox 1148 2051 1811 2096; baseline 0.002 -12"><span class='ocrx_word' id='word_1_324' title='bbox 1148 2062 1194 2091; x_wconf 83' lang='lat'><strong>14.</strong></span> <span class='ocrx_word' id='word_1_325' title='bbox 1206 2051 1456 2096; x_wconf 86' lang='lat' dir='ltr'><strong>Ps.-Dionysius</strong></span> <span class='ocrx_word' id='word_1_326' title='bbox 1471 2051 1633 2096; x_wconf 85' lang='lat' dir='ltr'><strong>liturgiam</strong></span> <span class='ocrx_word' id='word_1_327' title='bbox 1646 2051 1811 2085; x_wconf 84' lang='lat' dir='ltr'><strong>delineans</strong></span> 
     </span>
     <span class='ocr_line' id='line_1_49' title="bbox 1100 2106 1813 2140; baseline 0 -2"><span class='ocrx_word' id='word_1_328' title='bbox 1100 2106 1298 2138; x_wconf 89' lang='lat' dir='ltr'><strong>dimissionis</strong></span> <span class='ocrx_word' id='word_1_329' title='bbox 1322 2106 1631 2139; x_wconf 79' lang='lat' dir='ltr'><strong>catechumenorum</strong></span> <span class='ocrx_word' id='word_1_330' title='bbox 1663 2111 1694 2139; x_wconf 86' lang='lat' dir='ltr'><strong>et</strong></span> <span class='ocrx_word' id='word_1_331' title='bbox 1719 2116 1813 2140; x_wconf 79' lang='lat' dir='ltr'><strong>ener-</strong></span> 
     </span>
     <span class='ocr_line' id='line_1_50' title="bbox 1101 2161 1812 2203; baseline 0.001 -11"><span class='ocrx_word' id='word_1_332' title='bbox 1101 2170 1320 2203; x_wconf 81' lang='lat' dir='ltr'><strong>gumenorum</strong></span> <span class='ocrx_word' id='word_1_333' title='bbox 1349 2165 1381 2193; x_wconf 85' lang='lat' dir='ltr'><strong>et</strong></span> <span class='ocrx_word' id='word_1_334' title='bbox 1406 2161 1638 2203; x_wconf 82' lang='lat' dir='ltr'><strong>paenitentium</strong></span> <span class='ocrx_word' id='word_1_335' title='bbox 1662 2161 1812 2193; x_wconf 88' lang='lat' dir='ltr'><strong>meminit</strong></span> 
     </span>
     <span class='ocr_line' id='line_1_51' title="bbox 1101 2213 1812 2256; baseline 0 -9"><span class='ocrx_word' id='word_1_336' title='bbox 1101 2214 1152 2247; x_wconf 92' lang='lat' dir='ltr'><strong>De</strong></span> <span class='ocrx_word' id='word_1_337' title='bbox 1170 2213 1478 2250; x_wconf 81' lang='lat' dir='ltr'><strong>eccles..hierarchia</strong></span> <span class='ocrx_word' id='word_1_338' title='bbox 1493 2225 1521 2248; x_wconf 85' lang='lat' dir='ltr'><strong>c.</strong></span> <span class='ocrx_word' id='word_1_339' title='bbox 1538 2224 1564 2256; x_wconf 86' lang='lat'><strong>3,</strong></span> <span class='ocrx_word' id='word_1_340' title='bbox 1579 2223 1614 2250; x_wconf 82' lang='lat'><strong>2:</strong></span> <span class='ocrx_word' id='word_1_341' title='bbox 1634 2223 1662 2256; x_wconf 85' lang='lat'><strong>3,</strong></span> <span class='ocrx_word' id='word_1_342' title='bbox 1678 2224 1704 2256; x_wconf 84' lang='lat'><strong>3,</strong></span> <span class='ocrx_word' id='word_1_343' title='bbox 1717 2214 1738 2247; x_wconf 91' lang='lat'>6</span> <span class='ocrx_word' id='word_1_344' title='bbox 1749 2224 1812 2256; x_wconf 88' lang='lat'><strong>—7.</strong></span> 
     </span>
    </p>

    <p class='ocr_par' dir='ltr' id='par_1_8' title="bbox 1103 2264 1818 2743">
     <span class='ocr_line' id='line_1_52' title="bbox 1145 2264 1814 2310; baseline 0.001 -10"><span class='ocrx_word' id='word_1_345' title='bbox 1145 2268 1214 2301; x_wconf 84' lang='lat' dir='ltr'><strong>VH.</strong></span> <span class='ocrx_word' id='word_1_346' title='bbox 1240 2265 1499 2310; x_wconf 69' lang='grc' dir='ltr'><em>Προσφώνησις</em></span> <span class='ocrx_word' id='word_1_347' title='bbox 1522 2264 1612 2309; x_wconf 76' lang='grc' dir='ltr'><strong>ὑπὲρ</strong></span> <span class='ocrx_word' id='word_1_348' title='bbox 1627 2271 1700 2301; x_wconf 78' lang='grc' dir='ltr'><strong>τῶν</strong></span> <span class='ocrx_word' id='word_1_349' title='bbox 1715 2267 1814 2310; x_wconf 66' lang='grc' dir='ltr'><em>ἐνερ-</em></span> 
     </span>
     <span class='ocr_line' id='line_1_53' title="bbox 1103 2321 1814 2365; baseline -0.003 -9"><span class='ocrx_word' id='word_1_350' title='bbox 1103 2322 1289 2365; x_wconf 74' lang='grc' dir='ltr'>γουμένων</span> <span class='ocrx_word' id='word_1_351' title='bbox 1304 2323 1368 2364; x_wconf 94' lang='grc'><strong>(&gt;</strong></span> <span class='ocrx_word' id='word_1_352' title='bbox 1386 2333 1404 2354; x_wconf 88' lang='lat' dir='ltr'><strong>a</strong></span> <span class='ocrx_word' id='word_1_353' title='bbox 1423 2321 1463 2354; x_wconf 86' lang='lat' dir='ltr'><strong>cf.</strong></span> <span class='ocrx_word' id='word_1_354' title='bbox 1481 2334 1511 2354; x_wconf 93' lang='lat' dir='ltr'><strong>v.</strong></span> <span class='ocrx_word' id='word_1_355' title='bbox 1533 2323 1576 2364; x_wconf 87' lang='lat'><strong>5).</strong></span> <span class='ocrx_word' id='word_1_356' title='bbox 1615 2322 1731 2354; x_wconf 87' lang='lat' dir='ltr'><strong>Oratio</strong></span> <span class='ocrx_word' id='word_1_357' title='bbox 1755 2332 1814 2365; x_wconf 85' lang='lat' dir='ltr'><strong>pro</strong></span> 
     </span>
     <span class='ocr_line' id='line_1_54' title="bbox 1104 2374 1815 2419; baseline 0 -11"><span class='ocrx_word' id='word_1_358' title='bbox 1104 2376 1344 2419; x_wconf 86' lang='lat' dir='ltr'><strong>energumenis.</strong></span> <span class='ocrx_word' id='word_1_359' title='bbox 1386 2394 1425 2400; x_wconf 92' lang='lat'>-</span> <span class='ocrx_word' id='word_1_360' title='bbox 1472 2375 1510 2408; x_wconf 88' lang='lat' dir='ltr'><strong>In</strong></span> <span class='ocrx_word' id='word_1_361' title='bbox 1550 2374 1815 2418; x_wconf 74' lang='lat' dir='ltr'><strong>Peregrinatione</strong></span> 
     </span>
     <span class='ocr_line' id='line_1_55' title="bbox 1104 2429 1815 2473; baseline 0 -11"><span class='ocrx_word' id='word_1_362' title='bbox 1104 2430 1222 2463; x_wconf 82' lang='lat' dir='ltr'><strong>Silviae</strong></span> <span class='ocrx_word' id='word_1_363' title='bbox 1246 2429 1326 2462; x_wconf 88' lang='lat' dir='ltr'><strong>haec</strong></span> <span class='ocrx_word' id='word_1_364' title='bbox 1350 2430 1455 2462; x_wconf 86' lang='lat' dir='ltr'><strong>oratio</strong></span> <span class='ocrx_word' id='word_1_365' title='bbox 1479 2435 1511 2462; x_wconf 84' lang='lat' dir='ltr'><strong>et</strong></span> <span class='ocrx_word' id='word_1_366' title='bbox 1536 2429 1617 2461; x_wconf 86' lang='lat' dir='ltr'><strong>duae</strong></span> <span class='ocrx_word' id='word_1_367' title='bbox 1642 2435 1815 2473; x_wconf 85' lang='lat' dir='ltr'><strong>sequentes</strong></span> 
     </span>
     <span class='ocr_line' id='line_1_56' title="bbox 1105 2483 1816 2526; baseline -0.001 -9"><span class='ocrx_word' id='word_1_368' title='bbox 1105 2484 1215 2517; x_wconf 88' lang='lat' dir='ltr'><strong>locum</strong></span> <span class='ocrx_word' id='word_1_369' title='bbox 1238 2494 1304 2516; x_wconf 91' lang='lat' dir='ltr'><strong>non</strong></span> <span class='ocrx_word' id='word_1_370' title='bbox 1328 2484 1458 2524; x_wconf 81' lang='lat' dir='ltr'><strong>habent,</strong></span> <span class='ocrx_word' id='word_1_371' title='bbox 1487 2483 1545 2516; x_wconf 88' lang='lat' dir='ltr'><strong>sed</strong></span> <span class='ocrx_word' id='word_1_372' title='bbox 1569 2484 1733 2516; x_wconf 81' lang='lat' dir='ltr'><strong>orationes</strong></span> <span class='ocrx_word' id='word_1_373' title='bbox 1758 2494 1816 2526; x_wconf 91' lang='lat' dir='ltr'><strong>pro</strong></span> 
     </span>
     <span class='ocr_line' id='line_1_57' title="bbox 1105 2536 1816 2571; baseline -0.001 0"><span class='ocrx_word' id='word_1_374' title='bbox 1105 2538 1349 2571; x_wconf 86' lang='lat' dir='ltr'><strong>catechumenis</strong></span> <span class='ocrx_word' id='word_1_375' title='bbox 1362 2542 1395 2570; x_wconf 87' lang='lat' dir='ltr'><strong>et</strong></span> <span class='ocrx_word' id='word_1_376' title='bbox 1407 2536 1555 2570; x_wconf 77' lang='lat' dir='ltr'><strong>fidelibus</strong></span> <span class='ocrx_word' id='word_1_377' title='bbox 1567 2540 1703 2570; x_wconf 82' lang='lat' dir='ltr'><strong>tantum.</strong></span> <span class='ocrx_word' id='word_1_378' title='bbox 1737 2537 1816 2570; x_wconf 88' lang='lat' dir='ltr'><strong>For-</strong></span> 
     </span>
     <span class='ocr_line' id='line_1_58' title="bbox 1105 2591 1818 2635; baseline 0 -11"><span class='ocrx_word' id='word_1_379' title='bbox 1105 2592 1192 2628; x_wconf 86' lang='lat' dir='ltr'><strong>mula</strong></span> <span class='ocrx_word' id='word_1_380' title='bbox 1227 2591 1294 2625; x_wconf 84' lang='lat' dir='ltr'><strong>fere</strong></span> <span class='ocrx_word' id='word_1_381' title='bbox 1330 2592 1447 2635; x_wconf 88' lang='lat' dir='ltr'><strong>ubique</strong></span> <span class='ocrx_word' id='word_1_382' title='bbox 1482 2597 1545 2624; x_wconf 90' lang='lat' dir='ltr'><strong>est:</strong></span> <span class='ocrx_word' id='word_1_383' title='bbox 1580 2591 1818 2625; x_wconf 82' lang='lat' dir='ltr'><strong>Benedicuntur</strong></span> 
     </span>
     <span class='ocr_line' id='line_1_59' title="bbox 1106 2645 1817 2686; baseline -0.001 -7"><span class='ocrx_word' id='word_1_384' title='bbox 1106 2646 1343 2686; x_wconf 83' lang='lat' dir='ltr'><strong>catechumeni,</strong></span> <span class='ocrx_word' id='word_1_385' title='bbox 1362 2651 1393 2679; x_wconf 86' lang='lat' dir='ltr'><strong>et</strong></span> <span class='ocrx_word' id='word_1_386' title='bbox 1411 2647 1456 2679; x_wconf 88' lang='lat' dir='ltr'><strong>sic</strong></span> <span class='ocrx_word' id='word_1_387' title='bbox 1476 2645 1598 2685; x_wconf 80' lang='lat' dir='ltr'><strong>fideles,</strong></span> <span class='ocrx_word' id='word_1_388' title='bbox 1618 2651 1649 2678; x_wconf 91' lang='lat' dir='ltr'><strong>et</strong></span> <span class='ocrx_word' id='word_1_389' title='bbox 1662 2645 1695 2678; x_wconf 86' lang='lat' dir='ltr'><strong>fit</strong></span> <span class='ocrx_word' id='word_1_390' title='bbox 1708 2646 1817 2679; x_wconf 84' lang='lat' dir='ltr'><strong>missa.</strong></span> 
     </span>
     <span class='ocr_line' id='line_1_60' title="bbox 1107 2698 1661 2743; baseline 0.004 -2"><span class='ocrx_word' id='word_1_391' title='bbox 1107 2700 1158 2733; x_wconf 85' lang='lat' dir='ltr'><strong>Cf·</strong></span> <span class='ocrx_word' id='word_1_392' title='bbox 1182 2710 1209 2733; x_wconf 86' lang='lat' dir='ltr'><strong>c·</strong></span> <span class='ocrx_word' id='word_1_393' title='bbox 1234 2708 1283 2741; x_wconf 86' lang='lat'><strong>35.</strong></span> <span class='ocrx_word' id='word_1_394' title='bbox 1307 2708 1343 2740; x_wconf 87' lang='lat'><strong>2;</strong></span> <span class='ocrx_word' id='word_1_395' title='bbox 1370 2709 1419 2743; x_wconf 76' lang='lat'><strong>39,</strong></span> <span class='ocrx_word' id='word_1_396' title='bbox 1446 2710 1477 2741; x_wconf 82' lang='lat'><strong>53</strong></span> <span class='ocrx_word' id='word_1_397' title='bbox 1501 2709 1553 2741; x_wconf 82' lang='lat'><strong>43,</strong></span> <span class='ocrx_word' id='word_1_398' title='bbox 1577 2698 1606 2733; x_wconf 84' lang='lat'><strong>6·</strong></span> <span class='ocrx_word' id='word_1_399' title='bbox 1631 2710 1661 2743; x_wconf 86' lang='grc'><strong>9-</strong></span> 
     </span>
    </p>

    <p class='ocr_par' dir='ltr' id='par_1_9' title="bbox 1106 2751 1819 2906">
     <span class='ocr_line' id='line_1_61' title="bbox 1151 2751 1819 2796; baseline 0 -10"><span class='ocrx_word' id='word_1_400' title='bbox 1151 2763 1180 2787; x_wconf 89' lang='lat'><strong>2.</strong></span> <span class='ocrx_word' id='word_1_401' title='bbox 1211 2753 1245 2788; x_wconf 66' lang='grc' dir='ltr'><strong>οἱ</strong></span> <span class='ocrx_word' id='word_1_402' title='bbox 1269 2751 1523 2796; x_wconf 54' lang='lat' dir='ltr'><strong>&amp;forcipem-oa</strong></span> <span class='ocrx_word' id='word_1_403' title='bbox 1555 2753 1635 2786; x_wconf 87' lang='lat' dir='ltr'><strong>infra</strong></span> <span class='ocrx_word' id='word_1_404' title='bbox 1660 2753 1742 2794; x_wconf 88' lang='lat' dir='ltr'><strong>V111,</strong></span> <span class='ocrx_word' id='word_1_405' title='bbox 1772 2763 1819 2793; x_wconf 85' lang='lat'><strong>12,</strong></span> 
     </span>
     <span class='ocr_line' id='line_1_62' title="bbox 1106 2804 1816 2851; baseline -0.001 -11"><span class='ocrx_word' id='word_1_406' title='bbox 1106 2817 1166 2851; x_wconf 84' lang='lat'><strong>47;</strong></span> <span class='ocrx_word' id='word_1_407' title='bbox 1193 2817 1242 2849; x_wconf 85' lang='lat'><strong>35,</strong></span> <span class='ocrx_word' id='word_1_408' title='bbox 1259 2817 1294 2847; x_wconf 77' lang='lat'><strong>23</strong></span> <span class='ocrx_word' id='word_1_409' title='bbox 1321 2808 1401 2849; x_wconf 86' lang='lat'><strong>38,1</strong></span> <span class='ocrx_word' id='word_1_410' title='bbox 1427 2804 1681 2849; x_wconf 73' lang='grc' dir='ltr'><strong>χειμαζόμενοι</strong></span> <span class='ocrx_word' id='word_1_411' title='bbox 1706 2807 1816 2851; x_wconf 77' lang='lat' dir='ltr'><strong>appel-</strong></span> 
     </span>
     <span class='ocr_line' id='line_1_63' title="bbox 1106 2861 1818 2906; baseline -0.004 -11"><span class='ocrx_word' id='word_1_412' title='bbox 1106 2862 1221 2900; x_wconf 83' lang='lat' dir='ltr'><strong>lantur,</strong></span> <span class='ocrx_word' id='word_1_413' title='bbox 1238 2862 1335 2893; x_wconf 82' lang='lat' dir='ltr'><strong>etiam</strong></span> <span class='ocrx_word' id='word_1_414' title='bbox 1353 2872 1370 2893; x_wconf 88' lang='lat' dir='ltr'><strong>a</strong></span> <span class='ocrx_word' id='word_1_415' title='bbox 1387 2861 1516 2906; x_wconf 86' lang='lat' dir='ltr'><strong>synodo</strong></span> <span class='ocrx_word' id='word_1_416' title='bbox 1534 2862 1707 2905; x_wconf 79' lang='lat' dir='ltr'><strong>Ancyrana</strong></span> <span class='ocrx_word' id='word_1_417' title='bbox 1724 2872 1754 2895; x_wconf 89' lang='lat' dir='ltr'><strong>c.</strong></span> <span class='ocrx_word' id='word_1_418' title='bbox 1772 2870 1818 2903; x_wconf 93' lang='lat'><strong>17.</strong></span> 
     </span>
    </p>

    <p class='ocr_par' dir='ltr' id='par_1_10' title="bbox 1651 2919 1688 2949">
     <span class='ocr_line' id='line_1_64' title="bbox 1651 2919 1688 2949; baseline -0.027 0"><span class='ocrx_word' id='word_1_419' title='bbox 1651 2919 1688 2949; x_wconf 83' lang='lat'><strong>31</strong></span> 
     </span>
    </p>
   </div>
   <div class='ocr_carea' id='block_1_6' title="bbox 1826 1045 1867 1075">
    <p class='ocr_par' dir='ltr' id='par_1_11' title="bbox 1826 1045 1867 1075">
     <span class='ocr_line' id='line_1_65' title="bbox 1826 1045 1867 1075; baseline 0 0"><span class='ocrx_word' id='word_1_420' title='bbox 1826 1045 1867 1075; x_wconf 88' lang='lat'><strong>10</strong></span> 
     </span>
    </p>
   </div>
   <div class='ocr_carea' id='block_1_7' title="bbox 1829 1368 1868 1399">
    <p class='ocr_par' dir='ltr' id='par_1_12' title="bbox 1829 1368 1868 1399">
     <span class='ocr_line' id='line_1_66' title="bbox 1829 1368 1868 1399; baseline 0.026 -1"><span class='ocrx_word' id='word_1_421' title='bbox 1829 1368 1868 1399; x_wconf 78' lang='lat'><strong>15</strong></span> 
     </span>
    </p>
   </div>
   <div class='ocr_carea' id='block_1_8' title="bbox 1829 1691 1874 1722">
    <p class='ocr_par' dir='ltr' id='par_1_13' title="bbox 1829 1691 1874 1722">
     <span class='ocr_line' id='line_1_67' title="bbox 1829 1691 1874 1722; baseline 0 0"><span class='ocrx_word' id='word_1_422' title='bbox 1829 1691 1874 1722; x_wconf 83' lang='lat'><strong>20</strong></span> 
     </span>
    </p>
   </div>
  </div>
 </body>
</html>
