2457 3436
900 272 1102 302 Eccfflsmss
1130 273 1396 303 mammeas.
1823 265 1839 301 1
1849 265 1867 302 1
1875 266 1897 303 9

408 366 586 410 diabolus
615 368 800 423 perditur.
852 381 913 422 32.
945 368 1068 418 Quod
1097 369 1129 409 si
1159 370 1198 410 in
1228 368 1305 410 fide
1324 368 1430 421 facis,
1459 368 1719 411 manifestabis
1747 376 1786 411 te
1815 383 1896 410 non

408 433 536 474 solun]
557 447 690 475 coram
712 433 950 483 hominibus,
971 432 1040 475 sed
1060 447 1130 487 per
1148 434 1365 484 scientiam,
1391 448 1465 489 qua
1484 434 1635 476 laetaris
1654 434 1752 475 sicut
1771 442 1897 484 scuto,

406 499 595 552 quoniam
624 497 877 549 adversarius,
908 497 1095 549 diabolus,
1124 499 1204 539 vim
1233 497 1361 539 cordis
1381 498 1510 540 solutu
1531 499 1700 554 respicit,
1730 513 1898 553 cumque

408 562 613 605 hominem
643 564 870 606 interiorem
901 562 1168 605 rationabilem
1192 578 1276 605 esse
1296 563 1448 614 viderit,
1478 565 1577 605 intra
1597 571 1636 605 et
1656 571 1760 605 extra
1780 564 1896 617 signo

406 627 514 669 verbi
544 628 619 670 Dei
649 629 859 683 signatum,
894 629 1022 670 statim
1058 627 1170 683 fugit,
1208 627 1360 682 fugatus
1396 642 1465 682 per
1498 629 1674 683 spiritum
1705 637 1897 680 sanctum,
1942 638 1963 670 5

406 694 472 747 qui
501 694 540 734 in
572 694 734 735 homine
763 701 821 735 est
848 693 978 735 locum
1009 693 1079 734 sibi
1108 692 1237 735 dante.
1288 706 1350 746 33.
1380 693 1470 735 Hoc
1499 694 1615 735 etiam
1642 694 1777 735 Moses
1806 707 1896 748 pro-

407 758 524 812 pheta
552 759 682 812 primo
711 772 786 799 nos
814 758 948 799 docuit
982 772 1051 812 per
1080 758 1260 812 pascham
1291 765 1330 800 et
1358 772 1502 812 agnum
1534 765 1764 809 mactatum3
1804 772 1897 800 con-

406 824 543 874 stituit,
573 831 615 864 ut
633 824 823 877 sanguine
843 823 961 864 limen
983 829 1021 864 et
1041 822 1121 864 duo
1141 829 1275 878 postes
1295 822 1509 874 linirentur,
1539 831 1763 865 monstrans
1784 822 1897 864 nobis

408 887 543 938 fidem,
572 902 670 943 quae
699 903 802 929 nunc
832 888 871 929 in
901 887 1014 929 nobis
1044 895 1115 938 est,
1145 887 1258 929 nobis
1287 887 1373 929 data
1402 901 1471 942 per
1500 887 1714 941 perfectum
1736 902 1895 941 agnum,

408 967 484 1008 qua
516 952 688 994 frontem
724 961 899 994 nostram
935 952 1113 994 manibus
1149 954 1292 995 nostris
1326 954 1524 1006 signantes
1560 952 1798 994 servabimur
1833 952 1897 993 ad·
1923 962 1964 993 ιο

406 1031 543 1060 versus
573 1017 659 1068 hos,
689 1019 754 1072 qui
774 1032 848 1059 nos
869 1017 1049 1060 occidere
1068 1018 1218 1060 volunt.
1271 1030 1332 1070 34.
1362 1017 1478 1067 Quae
1506 1018 1538 1059 si
1568 1032 1657 1059 cum
1687 1018 1896 1072 gratiarum

408 1082 563 1124 actione
594 1091 632 1124 et
653 1084 691 1124 in
712 1081 789 1124 fide
809 1090 912 1124 recta
933 1083 1161 1137 suscipiatis,
1192 1083 1478 1124 convertemini
1508 1091 1546 1124 et
1575 1084 1614 1123 in
1635 1084 1752 1124 vitam
1774 1089 1897 1124 aeter·

407 1163 499 1191 nam
529 1149 782 1202 recipiemini.

382 1257 390 1264 ‚
521 1226 584 1266 35.
602 1213 709 1255 Haec
728 1221 770 1254 ut
789 1213 964 1263 servetis,
984 1212 1095 1254 vobis
1115 1212 1337 1263 suademus,
1358 1213 1397 1252 in
1418 1211 1555 1266 quibus
1576 1226 1645 1254 cor
1663 1219 1733 1254 est.
1776 1214 1837 1265 36.
1858 1212 1897 1253 Si

408 1279 515 1320 enim
550 1292 692 1320 omnes
725 1277 952 1320 traditiones
987 1278 1256 1331 apostolorum
1291 1284 1517 1332 sequuntur,
1553 1291 1647 1332 quas
1681 1276 1897 1328 audierunt,
1923 1286 1963 1316 ιε’)

408 1357 551 1399 easque
580 1350 748 1393 servant,
778 1341 904 1384 nullus
924 1342 1138 1384 haereticus
1168 1356 1238 1383 eos
1266 1341 1427 1383 seducet
1455 1355 1581 1396 neque
1604 1342 1738 1396 aliquis
1758 1342 1895 1383 homo.

410 1421 473 1462 37.
502 1408 685 1462 Namque
714 1407 791 1448 hoc
821 1407 944 1449 modo
971 1407 1125 1449 crebrae
1151 1407 1329 1449 haereses
1350 1414 1567 1457 creverunt,
1596 1407 1684 1461 quia
1704 1406 1897 1460 praesides

406 1474 583 1515 instituta
612 1473 881 1527 apostolorum
913 1472 1061 1514 discere
1090 1472 1242 1522 nolunt,
1272 1471 1341 1514 sed
1365 1471 1578 1514 secundum
1601 1472 1797 1526 propriam
1828 1485 1898 1512 vo-

406 1538 598 1593 luptatem
626 1537 782 1588 faciunt,
811 1551 910 1593 quae
939 1536 1089 1588 volunt,
1119 1551 1246 1592 neque
1276 1551 1333 1588 ea,
1362 1550 1460 1591 quae
1489 1536 1741 1578 conveniunt.

520 1604 582 1657 38.
611 1603 773 1645 Dilecti!
802 1602 843 1644 Si
861 1602 1048 1643 nonnulla
1068 1603 1332 1653 omiserimus,
1361 1602 1469 1643 Deus
1489 1615 1533 1643 ea
1553 1601 1681 1655 dignis
1701 1601 1896 1651 revelabit,
1921 1609 1963 1641 20

406 1668 613 1711 ecclesiam
641 1666 862 1722 gubernans
892 1666 1064 1721 dignam,
1094 1682 1191 1722 quae
1211 1667 1250 1708 in
1270 1674 1428 1721 portum
1448 1666 1696 1721 tranquillum
1725 1666 1897 1708 ducatur.

517 1780 538 1812 6
561 1775 663 1810 Exod.
690 1784 739 1816 12,
763 1784 814 1809 22.

517 1875 574 1916 Ble
597 1873 752 1917 quoniam
776 1891 817 1897 —
840 1871 937 1905 dante
961 1883 969 1906 z
993 1882 1068 1905 nam
1098 1871 1310 1912 adversarius,
1340 1882 1414 1905 cum
1446 1871 1523 1904 vidit
1553 1871 1715 1910 virtutem,
1745 1880 1827 1914 quae
1858 1880 1898 1903 ex

406 1928 508 1962 corde
524 1933 586 1968 est,
602 1933 638 1961 ut
654 1926 759 1960 homo
775 1926 1021 1960 similitudinem
1037 1926 1127 1959 verbi
1145 1927 1178 1958 in
1195 1924 1372 1959 manifesto
1390 1925 1564 1958 formatam
1583 1924 1745 1965 ostendat,
1769 1923 1898 1968 sugatur

404 1993 476 2016 non
499 1987 652 2025 sputante
670 1984 767 2023 <te>,
797 1981 855 2014 sed
877 1980 977 2014 flante
1006 1981 1119 2024 spiritu
1147 1981 1179 2013 in
1203 1985 1236 2013 te
1260 1979 1286 2013 L
1310 1980 1314 2022 Ι
1341 1982 1393 2021 618
1416 1980 1480 2013 hoc
1503 1999 1545 2006 —-
1568 1985 1754 2012 monstrans
1779 1990 1786 2011 :
1811 1979 1897 2022 quod

406 2035 555 2070 fonnans
578 2036 713 2080 Moyses
736 2035 769 2068 in
793 2045 857 2069 ove
879 2035 1032 2079 paschae,
1056 2044 1138 2078 quae
1161 2033 1327 2075 occiditur,
1351 2034 1546 2078 sanguinem
1570 2033 1707 2077 aspersit
1730 2033 1763 2066 in
1785 2033 1898 2066 limine

406 2096 440 2123 et
464 2095 578 2134 postes
600 2090 701 2130 unxit,
730 2089 921 2133 designabat
945 2088 971 2122 L
998 2090 1004 2130 Ι
1030 2093 1070 2123 10
1093 2094 1239 2122 nostram
1265 2099 1272 2121 :
1296 2093 1329 2121 et
1351 2088 1466 2121 oculos
1490 2088 1516 2121 L
1542 2088 1548 2129 Ι
1577 2091 1672 2130 10111
1698 2087 1898 2121 servabimur

408 2162 450 2169 —
472 2144 588 2178 volunt
611 2156 619 2177 :
643 2143 843 2177 declinemus
867 2153 954 2183 eum,
977 2143 1030 2187 qui
1055 2143 1269 2176 exterminare
1293 2147 1431 2187 temptat
1451 2145 1457 2184 Ι
1479 2145 1518 2176 14
1542 2142 1574 2175 in
1597 2152 1649 2186 qu.
1667 2151 1723 2174 cor
1739 2147 1788 2174 est
1812 2152 1820 2174 :
1845 2141 1898 2184 qui

406 2198 492 2231 bene
516 2199 644 2243 sapiunt
668 2197 695 2231 L

521 2296 570 2338 38.
593 2294 645 2329 cf.
670 2295 727 2336 XI,
755 2294 803 2329 16.
