2457 3436
932 359 1198 390 nost-omitum
1225 360 1307 397 vni,
1332 363 1361 398 1,
1386 361 1521 393 10—15.
1891 352 1969 390 465

464 455 626 497 etenim
657 454 750 506 hoc,
783 454 987 497 liberatum
1017 469 1102 497 esse
1130 455 1178 497 ab
1206 456 1331 510 impio
1362 455 1572 497 multorum
1605 455 1770 497 deorum
1799 456 1903 498 cultu
1933 463 1971 497 et

472 518 690 561 dedidisse
718 520 810 561 Deo
844 521 943 574 patri
978 534 1048 575 per
1077 521 1292 571 Christum,
1328 521 1516 562 charisma
1545 521 1622 562 Dei
1657 527 1728 571 est,
1764 527 1807 562 ut
1840 529 1879 563 et
1909 521 1971 562 ab-

480 585 618 626 iecisse
646 584 842 626 iudaicum
862 584 1041 627 velamen
1060 599 1105 627 ac
1127 584 1349 636 credidisse,
1379 585 1485 640 quod
1512 586 1587 627 Dei
1615 584 1859 640 beneplacito
1889 587 1971 627 uni-

481 650 653 703 genitus,
681 650 747 705 qui
767 658 857 692 ante
876 650 1027 692 saecula
1045 650 1263 700 exsistebat,
1293 651 1331 691 in
1354 658 1531 692 extremo
1550 658 1731 705 tempore
1756 664 1803 691 ex
1822 651 1971 704 virgine

488 721 596 756 natus
624 722 685 756 est
711 715 798 756 sine
817 715 888 756 viri
909 714 1132 765 concubitu,
1162 722 1202 757 et
1229 715 1335 770 quod
1364 716 1403 756 in
1425 716 1501 756 vita
1520 722 1714 770 tanquam
1745 715 1868 756 homo
1889 730 1972 757 ver-

490 786 590 821 ntus
616 788 677 821 est
703 778 848 834 absque
874 787 1038 833 peccato
1073 780 1229 834 implens
1255 794 1399 821 omnem
1429 781 1610 821 iustitiam
1643 779 1752 834 legis,
1788 779 1973 834 quodque

493 844 744 898 permissione
772 844 848 885 Dei
875 844 986 886 Deus
1014 844 1176 886 verbum
1206 852 1339 899 spreto
1369 844 1562 886 dedecore
1591 858 1746 886 crucem
1779 846 1972 895 sustinuit,

494 914 533 951 et
557 907 664 964 quod
682 917 861 951 mortuus
890 916 950 951 est
968 923 1011 951 ac
1030 909 1204 963 sepultus
1233 917 1272 951 et
1299 910 1508 951 resurrexit
1536 910 1575 950 in
1594 909 1725 951 triduo
1744 917 1859 964 atque
1884 918 1974 964 post

498 974 813 1016 mnu-rectionem
843 988 933 1015 cum
962 974 1149 1028 apostolis
1179 973 1314 1016 diebus
1343 973 1594 1029 quadraginta
1623 975 1835 1029 permansit
1863 989 1974 1016 com-

499 1037 665 1093 pletaque
683 1039 794 1080 omni
815 1039 1096 1080 constitutione
1124 1046 1344 1093 assumptus
1373 1046 1433 1080 est
1460 1040 1500 1080 in
1522 1052 1658 1080 eorum
1684 1048 1898 1093 conspectu
1926 1039 1974 1080 ad

504 1101 619 1144 Deum
648 1111 686 1145 et
716 1111 879 1157 patrem,
913 1104 980 1158 qui
1009 1117 1098 1145 eum
1129 1104 1299 1145 miserat.
1362 1117 1421 1145 11.
1452 1104 1534 1153 Qui
1564 1104 1657 1145 haec
1687 1103 1862 1154 credidit,
1891 1118 1974 1145 non

504 1167 712 1221 simpliciter
742 1182 787 1209 ac
821 1169 915 1209 citra
949 1169 1155 1219 rationem,
1190 1167 1260 1210 sed
1289 1182 1379 1210 cum
1409 1167 1553 1210 iudicio
1582 1183 1626 1209 ac
1663 1167 1907 1219 certitudine,
1943 1171 1974 1210 is

507 1231 678 1274 charisma
711 1247 733 1274 a
766 1233 856 1274 Deo
897 1239 1132 1275 consecutus
1172 1240 1248 1284 est3
1290 1232 1466 1274 similiter
1502 1234 1633 1284 etiam,
1673 1234 1739 1287 qui
1778 1234 1824 1275 ab
1864 1235 1976 1275 omni

509 1294 636 1339 haeresi
663 1305 838 1339 servatus
865 1297 949 1339 fuit.
1014 1309 1072 1339 12.
1101 1298 1196 1339 Non
1225 1311 1322 1351 ergo
1358 1298 1548 1353 quispiam
1579 1311 1731 1348 eorum,
1766 1299 1831 1353 qui
1865 1300 1976 1353 signa

513 1367 541 1402 et
566 1370 742 1416 portenta
774 1361 931 1413 faciunt,
965 1361 1110 1404 iudicet
1144 1376 1382 1418 quemquam
1416 1361 1603 1413 fidelium,
1643 1364 1706 1418 qui
1743 1363 1894 1405 donum
1931 1379 1975 1405 ea

513 1426 677 1479 operandi
704 1441 788 1469 non
817 1428 867 1470 sit
894 1426 1075 1481 adeptus;
1105 1426 1255 1469 diversa
1284 1428 1427 1482 quippe
1456 1435 1546 1470 sunt
1564 1428 1641 1470 Dei
1671 1428 1900 1470 charismata
1929 1429 1975 1470 ab

512 1488 579 1544 ipso
605 1506 675 1547 per
702 1492 903 1534 Christum
935 1491 1093 1544 tributa3
1130 1506 1174 1533 ac
1201 1499 1244 1533 tu
1272 1491 1430 1547 quidem
1460 1493 1643 1547 accepisti
1670 1492 1760 1542 hoc,
1790 1493 1852 1534 ille
1880 1508 1975 1535 vero

509 1554 591 1598 aliud
622 1555 838 1612 quoddam,
882 1564 948 1599 aut
981 1557 1086 1599 enim
1127 1571 1330 1598 sermonem
1368 1558 1572 1612 sapientiae
1603 1557 1666 1599 vel
1700 1559 1874 1599 scientiae
1910 1568 1978 1599 aut

507 1623 672 1663 rationem
698 1622 1023 1664 discernendorum
1048 1623 1248 1676 spirituum
1271 1629 1337 1664 aut
1365 1622 1726 1676 praecognitionem
1758 1621 1976 1664 futurorum

499 1694 556 1729 aut
580 1700 810 1729 sermonem
838 1694 972 1742 aptum
1001 1686 1050 1729 ad
1074 1685 1299 1728 docendum
1328 1695 1393 1728 aut
1422 1688 1647 1741 patientiam
1676 1695 1742 1728 aut
1770 1688 1975 1730 contineri·
2000 1699 2007 1708 ·

496 1751 580 1793 tiam
612 1751 844 1806 legitimam.
906 1764 966 1805 13.
995 1751 1150 1793 Etenim
1184 1751 1319 1793 Moses
1355 1751 1460 1793 homo
1488 1751 1567 1793 Dei
1599 1765 1687 1793 cum
1724 1753 1763 1793 in
1793 1754 1977 1808 Aegypto

490 1817 598 1870 signa
624 1816 844 1872 perficeret,
879 1830 963 1858 non
997 1830 1039 1858 se
1069 1817 1108 1858 in
1143 1817 1349 1870 populares
1385 1830 1479 1858 suos
1508 1816 1654 1867 extulit,
1691 1831 1858 1872 cumque
1891 1818 1979 1859 deus

488 1882 699 1936 appellatus
741 1880 888 1932 fuisset,
932 1895 1014 1922 non
1056 1880 1267 1935 superbivit
1310 1882 1348 1922 in
1391 1895 1502 1923 suum
1557 1882 1787 1936 prophetam
1832 1884 1977 1924 Aaron.

496 1959 555 1999 14.
583 1946 662 1988 Sed
690 1954 730 1988 et
759 1946 880 1997 lesus,
909 1946 1019 1988 Nave
1047 1945 1160 1996 filius,
1198 1947 1264 2001 qui
1301 1954 1392 2000 post
1419 1945 1526 1987 illum
1558 1945 1697 1988 ductor
1726 1945 1797 1988 fuit
1833 1946 1978 2001 populi,

491 2012 666 2066 quamvis
694 2011 734 2053 in
764 2010 868 2053 bello
887 2010 1093 2052 adversum
1111 2009 1332 2061 lebusae0s‚
1361 2009 1469 2065 quod
1500 2025 1582 2052 non
1602 2011 1798 2053 sufficeret
1818 2011 1900 2053 dies
1929 2013 1977 2054 ad

492 2076 707 2127 victoriam,
734 2076 850 2117 solem
866 2077 1015 2117 stitisset
1034 2076 1086 2118 ad
1107 2076 1265 2117 Gabaon
1294 2084 1328 2116 et
1348 2076 1479 2116 lunam
1510 2075 1562 2116 ad
1578 2075 1718 2117 vallem
1739 2077 1867 2126 Ailon,
1897 2091 1979 2119 non

494 2148 620 2183 tamen
639 2142 679 2183 in
695 2140 886 2183 Phineem
908 2147 974 2182 aut
989 2140 1136 2182 Chaleb
1156 2141 1376 2194 arrogantia
1396 2140 1518 2182 elatus
1539 2149 1608 2182 est.
1651 2141 1791 2196 Neque
1811 2142 1980 2192 Samuel,

499 2207 558 2260 qui
583 2214 644 2248 tot
672 2207 773 2247 mira
801 2212 841 2247 et
866 2207 1067 2261 inopinata
1094 2204 1198 2255 fecit,
1227 2206 1334 2260 pium
1364 2219 1407 2246 ac
1437 2206 1526 2247 Deo
1556 2220 1687 2247 carum
1715 2206 1842 2249 David
1872 2207 1981 2248 nihili

502 2270 611 2323 duxit,
639 2271 712 2313 etsi
733 2269 853 2313 ambo
872 2277 981 2312 erant
1009 2270 1236 2325 prophetae,
1267 2278 1304 2312 et
1323 2270 1385 2312 ille
1406 2271 1564 2324 quidem
1585 2271 1772 2324 pontifex,
1803 2271 1864 2312 hic
1885 2285 1980 2312 vero

504 2349 571 2378 rex.
621 2349 682 2389 15.
711 2336 760 2377 Et
790 2349 880 2377 cum
908 2336 947 2376 in
974 2334 1096 2376 Israel
1123 2342 1239 2376 essent
1266 2342 1398 2390 septem
1427 2335 1535 2376 milia
1563 2344 1789 2385 sanctorum,
1819 2337 1884 2390 qui
1908 2350 1980 2376 non

545 2487 742 2531 10.Ps.-lgn.
755 2486 866 2531 Magn.
882 2497 931 2528 ιι,
945 2496 975 2521 2.
989 2505 1030 2512 -
1043 2484 1206 2533 εὐδοκίᾳ]
1272 2486 1422 2531 polytum
1444 2486 1531 2520 hunc
1551 2486 1662 2520 locum
1678 2486 1821 2520 reddant.
1848 2505 1886 2511 —
1910 2492 1984 2526 τοῖς

510 2539 550 2573 Cf.
575 2541 644 2582 vn,
671 2550 727 2582 41,
759 2550 787 2583 5.
819 2559 855 2566 —
885 2538 1142 2576 ἐπολιτεύσατο
1166 2566 1174 2575 .
1199 2566 1207 2575 .
1271 2537 1486 2580 ἀποστόλοις
1519 2566 1526 2574 .
1556 2566 1564 2573 .
1599 2537 1654 2575 ἐπ’
1687 2536 1818 2583 ὄψεσιν
1850 2538 1983 2583 αὐτῶν]

510 2590 581 2630 ἄνευ
601 2591 794 2638 ἁμαρτίας]
818 2593 870 2629 Cf.
888 2594 1029 2636 V11,41,
1046 2593 1078 2628 6.
1109 2588 1206 2639 Hipp.
1273 2594 1419 2627 Falsator
1449 2604 1485 2627 se
1517 2594 1633 2637 prodit.
1678 2594 1781 2638 Supra
1810 2594 1864 2634 Vl,
1891 2604 1939 2636 30,
1964 2604 1984 2638 9

512 2647 617 2684 Contra
643 2650 734 2684 haer.
764 2648 865 2682 Nocti
895 2659 924 2683 c.
957 2658 1011 2692 17:
1045 2647 1208 2692 γεγονὼς
1272 2648 1365 2681 dixit:
1390 2645 1444 2682 ἐπ’
1467 2643 1598 2690 ὄψεσιν
1613 2643 1811 2691 ἡμετέραις.
1835 2667 1875 2674 -
1896 2647 1985 2691 πρὸς

510 2700 619 2746 adn«,
646 2699 717 2739 ὅσα
747 2702 847 2737 ἐστὶν
874 2699 1081 2747 ἄνθρωπος,
1104 2700 1208 2741 ἐκτὸς
1272 2700 1336 2736 τὸν
1368 2699 1644 2745 ἀποστείλαντα]
1678 2702 1817 2736 Locutio
1852 2702 1984 2736 Consti·

512 2751 677 2800 ὁμηρείας.
705 2776 746 2782 -
780 2754 1023 2800 συγχωρήσει]
1054 2755 1106 2790 Cf.
1136 2755 1207 2796 vll,
1274 2757 1389 2790 tutoris
1422 2757 1455 2788 in
1483 2756 1635 2789 omnibus
1658 2755 1726 2789 fere
1749 2757 1835 2789 libris
1859 2758 1984 2791 usitata.

513 2817 598 2852 ²5,2;
617 2811 668 2855 36,
685 2820 723 2853 κς
747 2817 781 2845 et
799 2810 968 2856 quomodo
985 2810 1138 2854 Epitome
1154 2809 1208 2843 vel
1275 2810 1326 2844 Cf.
1350 2810 1404 2850 111,
1432 2820 1480 2852 17,
1504 2819 1539 2849 2;
1569 2810 1610 2849 V,
1634 2820 1664 2852 7,
1691 2820 1744 2852 303
1776 2820 1827 2851 20,
1852 2820 1887 2851 2;
1916 2811 1985 2850 VH,

514 2862 757 2900 Cmstitutiones
779 2874 863 2909 quae
878 2870 1037 2898 vocantur
1054 2875 1112 2909 per
1126 2863 1209 2908 Hip-
1276 2873 1326 2903 22,
1353 2874 1379 2898 ι.

563 2919 680 2961 Fun,
704 2920 837 2954 Druse.
859 2930 898 2953 ετ
920 2919 1068 2954 Coum.
1089 2929 1140 2952 ΑΡ.
1184 2919 1209 2952 1.
1816 2922 1858 2952 30

2000 1048 2040 1077 10

2003 1371 2040 1400 15

2005 2339 2048 2369 30
