2457 3436
1000 358 1079 397 318

1498 366 1721 395 minse-Ama
1747 366 1800 403 vl,
1828 368 1859 406 9,
1886 369 1904 399 1
1935 358 2002 405 (1,).

1001 472 1091 517 post
1110 478 1184 504 nos
1205 462 1558 517 pseudoapostolos
1589 461 1635 503 ad
1655 463 2001 504 intaminationem
2032 463 2142 504 verbi.

1001 528 1049 569 de
1079 528 1225 581 populo
1246 528 1452 569 Cleobium
1474 527 1668 583 quendam
1691 535 1728 569 et
1749 528 1961 569 iunxerunt
1990 542 2081 569 eum
2100 528 2147 569 Sit

1001 594 1142 633 iterum
1172 593 1267 633 alios
1296 601 1386 646 post
1415 592 1514 633 illos.

1110 657 1179 698 IX.
1209 657 1348 698 Simon
1366 671 1462 710 ergo
1491 665 1530 699 et
1557 658 1732 712 quicum
1763 671 1814 698 eo
1844 665 1955 699 erant
1982 667 2075 712 post
2092 671 2147 699 ves

1115 780 1167 814 1,-9.
1190 776 1376 810 obtulerunt
1400 802 1408 809 .
1433 802 1439 809 .

1003 841 1077 863 cum
1101 830 1236 863 Simone
1260 830 1282 863 S

1003 928 1098 971 Opus
1131 927 1357 970 imperfectum
1391 928 1424 959 in
1459 928 1572 961 Manli.
1608 936 1659 967 24.
1697 937 1709 969 5

1003 982 1203 1023 (ciconias),
1219 980 1422 1024 sophronius
1438 980 1496 1024 Ep.
1513 980 1553 1013 ad
1562 981 1712 1024 Sergium

1003 1036 1116 1078 (Hard.
1146 1035 1201 1074 111,
1234 1036 1340 1077 1287).
1376 1055 1416 1061 -—
1451 1034 1633 1081 Δοσιθέῳ]
1664 1034 1714 1067 De

1005 1091 1066 1122 hoc
1090 1090 1159 1122 viro
1181 1089 1290 1122 dicunt
1309 1088 1514 1132 Hegesippus
1538 1088 1623 1132 apud
1639 1088 1712 1122 Eus.

1005 1144 1042 1177 ll.
1060 1144 1095 1177 Ε.
1113 1143 1168 1184 lv,
1189 1153 1239 1182 22,
1261 1153 1293 1185 5;
1317 1142 1513 1187 Hippolytus
1533 1142 1714 1187 Syntagma

1004 1198 1086 1241 apud
1104 1198 1199 1230 phot.
1218 1197 1369 1230 Biblioth.
1391 1206 1466 1237 121;
1485 1196 1712 1230 Ps.·Clemens

1004 1252 1101 1285 Horn.
1120 1252 1158 1292 ΙΙ,
1176 1261 1232 1292 24;
1250 1251 1398 1294 Recogn.
1418 1251 1442 1291 Ι,
1463 1260 1518 1293 54;
1534 1251 1573 1291 11,
1591 1252 1646 1284 8-
1660 1260 1714 1290 ¹¹3

1006 1306 1292 1339 l’s.-'l'ertullianus
1328 1316 1355 1339 c.
1393 1316 1426 1346 1;
1464 1305 1629 1349 Origenes
1664 1305 1715 1337 De

1005 1360 1103 1403 princ.
1129 1360 1184 1399 1v,
1212 1370 1266 1401 17;
1301 1359 1424 1393 Contra
1448 1359 1583 1393 Celsum
1606 1359 1632 1398 1,
1659 1369 1714 1401 57;

1005 1414 1058 1453 Vl,
1092 1423 1145 1453 113
1180 1414 1215 1446 ln
1246 1414 1360 1446 Matth.
1390 1422 1442 1453 24.
1465 1423 1501 1454 4:
1536 1414 1571 1446 In
1601 1414 1712 1446 Ioann.

1003 1474 1084 1500 tom.
1107 1478 1141 1509 13
1162 1479 1189 1501 c.
1211 1477 1266 1509 27;
1293 1467 1490 1511 Epiphanius
1514 1467 1553 1501 H.
1575 1477 1621 1508 13,
1645 1467 1714 1500 alii-

1004 1532 1076 1566 que.
1123 1521 1174 1555 Cf.
1207 1532 1288 1565 quae
1318 1521 1491 1565 disputavit
1516 1521 1715 1564 Hilgenfeld,

1006 1578 1069 1608 Dice
1088 1576 1364 1618 licizen-geschiaethtc
1385 1576 1436 1608 des
1457 1575 1716 1608 Urchrishmums

1008 1631 1089 1670 1884
1122 1641 1152 1673 p.
1185 1634 1363 1672 155—161.
1410 1630 1614 1663 Constitutor
1638 1628 1715 1662 Cle-

1007 1685 1151 1717 mentina
1170 1684 1290 1727 legisse
1309 1684 1444 1722 videtur,
1459 1683 1575 1727 quael.
1588 1693 1614 1716 c.
1628 1683 1715 1716 idem

1006 1738 1144 1778 tradunt,
1167 1738 1254 1782 quod
1270 1737 1377 1777 refert,
1402 1748 1445 1770 sc.
1465 1738 1634 1770 Simonem
1651 1736 1716 1769 dis-

1007 1792 1148 1835 cipulum
1164 1792 1315 1824 Dosithei
1335 1792 1433 1824 fuisse
1457 1801 1596 1834 eumque
1620 1801 1715 1835 supe-

1006 1852 1110 1878 ratum
1129 1856 1147 1878 e
1164 1846 1302 1889 primatu
1318 1845 1465 1878 eiecisse.
1489 1864 1493 1867 -
1517 1865 1520 1868 ·
1538 1842 1718 1887 Κῆρα-θος

1006 1901 1094 1943 κτλ]
1120 1900 1195 1932 Non
1219 1906 1269 1932 est
1287 1910 1370 1943 opus
1394 1905 1542 1933 auctores
1566 1909 1714 1932 comme-

1006 1964 1144 1994 morare,
1164 1954 1216 1997 qui
1234 1953 1274 1986 de
1292 1954 1464 1986 haereticis
1482 1953 1543 1986 illis
1561 1953 1714 1987 referunt.

1006 2008 1107 2041 Modo
1136 2008 1431 2047 animadverterim,
1466 2008 1612 2040 Marcum
1642 2017 1715 2040 esse

1005 2062 1196 2105 discipulum
1232 2062 1405 2101 Valentini,
1440 2062 1530 2094 cuius
1566 2061 1665 2105 ipsius
1697 2072 1715 2094 a

1005 2117 1230 2150 Constitutore
1254 2116 1378 2148 mentio
1402 2126 1468 2149 non
1492 2116 1535 2149 tit.

1049 2180 1077 2204 2.
1101 2168 1252 2209 πολλοὺς
1271 2167 1395 2212 θεοὺς]
1419 2170 1438 2202 i.
1458 2181 1486 2202 e.
1503 2170 1648 2211 αἰῶνας,
1673 2169 1713 2204 cf.

1005 2236 1031 2258 c.
1060 2235 1108 2265 10,
1130 2234 1159 2258 2.
1206 2224 1404 2267 Epiphanius
1434 2224 1473 2256 Η.
1507 2234 1540 2266 3¹
1574 2235 1601 2256 c.
1627 2233 1644 2256 2
1674 2224 1715 2258 de

1005 2279 1180 2311 Valentino
1218 2279 1310 2311 dicit:
1350 2275 1543 2320 τριάκοντα
1582 2277 1715 2318 αἰῶνας

1003 2330 1172 2375 βούλεται
1202 2335 1390 2374 παριστᾶν,
1424 2328 1486 2371 οὓς
1514 2334 1575 2365 καὶ
1606 2330 1716 2371 θεοὺς

1004 2384 1184 2428 ὀνομάζει.
1230 2386 1372 2419 Carmen
1404 2387 1475 2418 adv.
1505 2386 1605 2418 Marc.
1629 2387 1653 2424 Ι,
1678 2395 1715 2428 7:

1004 2440 1127 2473 Tantos
1162 2450 1235 2473 esse
1270 2441 1349 2473 deos
1385 2440 1541 2473 Basilides
1583 2440 1714 2473 credere

1003 2495 1102 2533 iussit,
1126 2501 1264 2538 quantos
1286 2501 1318 2527 et
1336 2495 1404 2527 dies
1422 2505 1524 2527 annus
1542 2494 1648 2527 habet.
1673 2515 1714 2519 —

1005 2553 1099 2589 τρεῖς
1120 2548 1209 2590 κτλ]
1236 2548 1326 2581 Hanc
1350 2548 1531 2581 doctrinam
1555 2548 1714 2581 Marcioni

1004 2602 1054 2633 vel
1093 2602 1310 2634 Marcionistis
1356 2603 1531 2635 attribuunt
1570 2603 1712 2635 Rhodon

1003 2655 1086 2697 apud
1111 2655 1184 2688 Eus.
1210 2655 1248 2688 H.
1266 2656 1301 2688 Ε.
1319 2656 1358 2696 V,
1378 2666 1425 2698 13,
1443 2665 1474 2696 4,
1500 2657 1712 2689 Adamantius

1004 2709 1054 2741 De
1077 2715 1165 2742 recta
1188 2708 1252 2742 ride
1281 2710 1354 2743 dial.
1379 2710 1403 2749 Ι,
1438 2710 1635 2743 Athanasius
1661 2711 1711 2743 De

1003 2762 1140 2796 decretis
1153 2773 1224 2807 syn.
1239 2763 1310 2796 Nic.
1324 2774 1351 2796 c.
1366 2763 1415 2802 26,
1429 2763 1569 2808 Cyrillus
1583 2764 1710 2798 Hieros.

1003 2816 1136 2850 Catech.
1162 2817 1250 2856 XVI,
1273 2826 1304 2857 4.
1327 2827 1361 2860 73
1385 2818 1582 2861 Epiphanius
1607 2819 1646 2852 H.
1669 2828 1711 2859 42

1002 2880 1029 2903 c.
1052 2879 1065 2913 3
1086 2871 1215 2915 aliique.
1245 2871 1424 2915 Gregorius
1440 2871 1519 2905 Nat.
1536 2872 1594 2906 Or.
1612 2873 1653 2913 ΙΙ,
1673 2882 1711 2916 37

1464 776 1634 809 iunxerunt
1659 787 1666 809 ε
1691 775 1792 819 elegit
1817 802 1825 809 .
1849 802 1857 810 .

1882 777 1984 809 iunxit
2009 776 2032 809 S
2063 780 2067 813 Ι
2096 776 2147 810 45

1780 928 1879 960 etiam
1895 928 2058 972 quosdam
2066 927 2147 961 Cath

1780 981 1886 1015 doxos
1902 987 2000 1023 τρεῖς
2016 979 2124 1026 ἀρχὰς
2136 993 2147 1014 ι

1779 1032 1936 1078 ἄγοντας
1954 1046 2028 1070 esse
2043 1036 2125 1070 dicit.

1780 1089 1911 1123 lastrius
1934 1090 1985 1123 De
2008 1089 2094 1123 haer.
2110 1100 2137 1123 c.

1781 1143 1841 1177 dus
1863 1153 1988 1177 aeonas
2006 1143 2147 1177 similiter

1781 1197 1868 1238 serit,
1893 1204 2006 1231 tamen
2030 1197 2147 1231 infinito

1780 1251 1919 1295 τοῦσιν]
1949 1251 2105 1297 Loquitur
2129 1252 2147 1284 d

1780 1306 1864 1341 Adv.
1886 1305 1976 1339 haer.
2000 1306 2026 1346 Ι,
2044 1315 2100 1347 ²4;
2123 1306 2146 1339 Ε

1780 1359 1876 1393 cione
1900 1366 1933 1393 et
1957 1360 2138 1400 Encratitis,

1782 1423 1875 1446 usum
1911 1415 2018 1448 carnis
2053 1425 2089 1448 ac
2120 1415 2147 1448 vi

1781 1464 1931 1509 α’ναίδην
1943 1465 2147 1511 ἐκπορνεῦοι

1781 1521 1875 1555 Alex.
1904 1521 2027 1558 strom.
2054 1522 2108 1561 ΙΙΙ,
2134 1531 2147 1563 4

1781 1575 1906 1608 eisdem
1940 1575 2049 1609 verbis
2081 1576 2147 1609 dicit

1781 1626 1930 1673 ἆναίδηι·
1951 1629 1988 1664 οὶ
2005 1627 2071 1673 τὴν
2086 1626 2146 1673 α’ἶρ

1781 1680 1887 1727 λάου)
1913 1682 2111 1726 μετιόντες.

1782 1738 2006 1782 Pseudonymi
2054 1738 2147 1773 Nicol

1781 1792 1855 1835 quia
1878 1792 2043 1835 originem
2069 1793 2146 1826 salse

1781 1845 1952 1878 ducebant.

1824 1899 1881 1933 lx.
1895 1894 2017 1939 Ὅπως
2039 1897 2061 1935 ὃ
2076 1902 2147 1942 Σίμ

1780 1957 1908 1996 rufin-ac
1933 1951 2096 1996 θελήσας
2118 1965 2147 1990 ει

1782 2009 1947 2051 ενεχθεὶς
1976 2006 2016 2048 ἐξ
2038 2002 2147 2051 ὕψους

1780 2059 1864 2101 τοὺς
1895 2060 2011 2101 πόδας
2046 2063 2109 2097 καὶ
2140 2074 2147 2095 ι

1781 2112 1934 2159 τάρσους
1949 2116 1998 2158 (τ.
2014 2112 2147 2159 τάρσου

1781 2166 1936 2212 Κλήμης,
1956 2166 2147 2214 Ἣγήσιπιιι

1781 2228 1937 2267 ρηναῖος.
1976 2224 2147 2264 Quomodr

1781 2277 1916 2311 busdam
1952 2279 2140 2324 praestigiis

1782 2332 1930 2375 precibus
1951 2332 2043 2365 Petri
2071 2343 2113 2367 ex
2135 2343 2147 2366 a

1781 2387 1931 2430 cipitatus
1961 2387 2065 2430 pedes
2096 2392 2129 2420 et

1781 2446 1864 2474 tates
1898 2439 2013 2485 fregit:
2048 2449 2147 2475 narra*

1780 2495 1902 2538 sippus,
1928 2494 2087 2535 Iustinus,
2120 2495 2147 2529 11

1780 2548 1904 2582 Chron.
1927 2559 1955 2582 c.
1984 2558 2056 2582 121.

1828 2611 1856 2636 1.
1879 2602 1948 2636 lam
1965 2602 2138 2647 inscriptio

1778 2666 1856 2689 nam
1879 2657 1963 2689 inter
1987 2662 2121 2691 veteres
2143 2673 2147 2689 ι

1779 2710 1987 2744 Constitutor
2032 2718 2147 2746 narrat

1778 2775 1808 2797 v.
1825 2774 1837 2797 r
1853 2764 2059 2808 amplificans
2069 2766 2147 2801 Ps.-⁴

1779 2824 1838 2852 est.
1877 2818 1961 2853 Utra
1981 2829 2064 2853 vero
2087 2822 2147 2855 scri

1779 2872 1876 2905 miliis
1893 2884 1935 2907 an
1945 2873 2147 2919 anecognitn

1945 2949 1968 2970 ,.
