2457 3436
717 371 1035 402 consummem-‚s
1062 371 1341 407 APosToch-u,
1371 371 1418 408 v1,
1444 374 1497 412 20,
1521 374 1617 406 4-6.
1835 363 1911 402 351

452 467 680 520 εριέθηκεν,
708 465 813 509 α’λλᾶ
833 472 885 520 τῇ
912 467 1073 519 ἐξουσία
1095 467 1317 520 ἐπέτρεψεν
1344 464 1415 509 ὅτε
1433 468 1643 520 ἐλευθέρα.
1690 483 1728 522 4.
1759 467 1811 510 οὐ
1836 468 1914 521 γὰρ

452 537 584 574 υσιῶν
623 533 757 574 δέεται
790 529 815 574 ὁ
853 533 964 582 θεός,
999 529 1190 585 ἀνενδεὴς
1223 531 1419 585 ὑπάρχων
1455 537 1504 585 τῇ
1537 533 1673 585 φύσει”
1714 529 1819 574 ἀλλὰ
1855 549 1915 586 γι-

452 594 614 646 ἦακων,
642 595 835 650 καθάπερ
851 598 920 639 καὶ
948 595 1026 652 ἤδη
1044 598 1251 650 πρότερον
1274 597 1352 639 τὸν
1378 598 1581 650 φιλόθεον
1594 597 1703 648 Ἅβελ
1725 601 1793 640 καὶ
1814 601 1916 640 Νῶε

452 662 489 705 d
513 660 690 714 Ἀβραὰμ
715 665 785 703 καὶ
811 661 914 711 τοὺς
939 666 1116 715 καθεξῆς
1144 661 1223 705 ov’x
1250 663 1509 717 αἰτηθέντας,
1537 666 1698 715 φυσικῷ
1727 664 1770 704 δὲ
1799 661 1914 715 νόμῳ

452 728 683 787 Q
621 724 776 778 aeda?
808 726 970 770 ἑαυτῶν
1006 728 1274 781 προσενέγκαι
1313 730 1465 770 θυσίαν
1497 732 1587 781 θεῷ
1625 725 1709 770 ἀπὸ
1750 728 1914 782 γνώμης
1933 736 1936 739 ’
1957 736 1981 769 5

452 788 675 852 Qvo,
707 792 916 844 ἐπιτρέπει
948 794 1016 834 καὶ
1051 795 1129 834 νῦν
1151 791 1363 870 Ἑβραίοις,
1399 808 1448 834 ου
1481 793 1769 845 προστάσσων,
1809 792 1914 842 ἄλλ’,

452 922 611 964 δοκῶν
635 923 704 964 ἐπὶ
720 891 811 971 ταῖς
826 925 990 971 θυσίαις
1016 891 1171 964 adu’fiv.
1222 934 1258 975 5.
1287 921 1354 964 διὰ
1370 923 1499 964 τοῦτό
1522 935 1665 976 φησιν·
1693 924 1777 973 „El
1794 891 1915 965 θύειν

452 990 646 1039 Qus,
666 1002 718 1029 ου
736 988 917 1041 δεομένῳ
933 1002 1004 1040 μοι
1023 991 1130 1030 θῦε“
1141 1000 1150 1009 ·
1179 986 1349 1036 οὐδενὸς
1365 986 1444 1039 γὰρ
1462 988 1507 1028 έν
1522 989 1636 1040 χρεία
1656 988 1912 1041 καθέστηκα·

452 1049 527 1111 Β
551 1051 631 1104 γάρ
656 1051 771 1093 ἐστιν
797 1049 824 1105 ἦ
853 1053 1070 1105 οἰκουμένη
1097 1054 1166 1094 καὶ
1193 1067 1244 1094 το
1271 1048 1474 1104 πλήρωμα
1500 1048 1665 1105 αυτῆς“.
1718 1055 1755 1094 6.
1786 1050 1914 1094 ὁπότε
1939 1062 1982 1093 10

452 1115 482 1157 Β
507 1115 544 1157 οἱ
575 1122 653 1159 τοῦ
686 1120 791 1159 λαοῦ
827 1117 996 1159 τούτων
1029 1116 1257 1171 ἀμνήμονες
1288 1114 1488 1176 ὑπῆρξαν,
1526 1119 1595 1159 καὶ
1630 1116 1785 1170 μόσχον
1820 1115 1916 1159 άντὶ

452 1182 532 1224 Ιυῡ
557 1180 662 1224 θεὸν
689 1181 989 1224 ἐπεκαλέσαντο
1017 1184 1086 1224 καὶ
1103 1182 1243 1234 τούτῳ
1270 1181 1346 1235 τὴν
1374 1182 1509 1223 αἰτίαν
1536 1187 1611 1235 τῆς
1638 1182 1682 1233 ἐξ
1700 1181 1914 1235 Αἰγύπτου

452 1249 594 1306 Qas-
622 1246 860 1300 ἐπέγραψαν
892 1249 1095 1301 λέγοντες·
1134 1242 1291 1297 ,,Οὗτοι
1331 1246 1371 1288 οὶ
1409 1249 1502 1288 θεοί
1541 1258 1628 1296 σου,
1669 1245 1836 1299 Ἰσραήλ,
1875 1247 1916 1288 οἱ

452 1307 688 1372 ἕῌόντες
706 1324 751 1354 σε
767 1312 816 1353 ἐκ
831 1317 904 1366 γῆς
923 1312 1177 1366 Αίγύπτου“,
1200 1314 1269 1353 καὶ
1287 1311 1607 1365 δυσσεβήσαντες
1625 1313 1709 1361 „ele
1728 1309 1915 1365 ὁμοίωμα

452 1374 581 1436 Q
603 1376 821 1426 ἐσθίοντος
851 1376 1032 1430 χόρτον“
1066 1375 1356 1431 ἁπηρνήσαντο
1384 1376 1489 1419 θεὸν
1522 1376 1600 1418 τὸν
1636 1376 1704 1419 διὰ
1731 1378 1915 1426 Μωσέως
1941 1386 1981 1417 15

453 1438 750 1495 Βωεεφᾶμενον
782 1439 935 1490 αὖτοὺς
962 1443 1008 1484 ἐν
1034 1446 1086 1495 τῇ
1118 1444 1261 1494 θλίψει
1295 1440 1452 1492 αὐτῶν,
1485 1441 1561 1484 τὸν
1586 1440 1640 1484 τὰ
1674 1451 1815 1496 σημεῖα
1848 1442 1914 1484 ἐπὶ

453 1505 560 1558 καρὸς
583 1509 649 1549 καὶ
677 1505 832 1561 ῥάβδου
853 1507 1146 1561 ποιησάμενον,
1173 1506 1253 1549 τὸν
1279 1505 1378 1555 τοὺς
1395 1506 1645 1560 Αἰγυπτίους
1674 1506 1915 1560 δεκαπλήγῳ
1980 1557 1986 1563 .

457 1569 675 1622 πατάξαντα,
709 1571 789 1614 τὸν
821 1571 899 1626 τὴν
930 1571 1114 1626 ἐρυθρὰν
1147 1572 1336 1614 διελόντα
1369 1570 1582 1613 θάλασσαν
1616 1572 1673 1620 εἰς
1706 1572 1916 1624 διαιρέσεις

458 1629 606 1686 wrm,
639 1636 716 1679 τὸν
744 1636 991 1691 διαγαγόντα
1023 1636 1177 1686 αὐτοὺς
1203 1637 1249 1679 ἐν
1279 1637 1390 1690 μέσῳ
1417 1634 1567 1684 ὕδατος
1599 1634 1685 1686 ,ὠς
1713 1636 1841 1678 ἵππον
1870 1637 1917 1678 ἐν

459 1700 589 1761 ιεᾶφ“
581 1700 697 1751 ,τὸν
723 1701 823 1752 τούς
840 1702 1015 1755 ἐχθροὺς
1042 1699 1184 1745 αὐτῶν
1211 1705 1279 1744 καὶ
1298 1701 1542 1752 ἐπιβούλους
1566 1703 1808 1751 βυθίσαντα,
1837 1701 1915 1743 τὸν
1937 1709 1983 1739 20

463 1764 502 1812 εἰς
514 1765 671 1820 Περραν
686 1766 766 1821 τὴν
783 1767 940 1819 πικρὰν
957 1767 1094 1822 πηγὴν
1111 1767 1385 1821 γλυκάναντα,
1413 1765 1491 1809 τὸν
1509 1766 1556 1807 ἐκ
1573 1767 1725 1818 πέτρας
1744 1762 1916 1819 ἀκροτό-

461 1842 519 1881 μον
532 1831 810 1886 καταγαγόντα
836 1828 948 1885 ὕδωρ
967 1833 1024 1881 εἰς
1050 1831 1291 1886 πλησμονὴν
1307 1830 1460 1881 αυτοῖς,
1489 1830 1567 1873 τὸν
1586 1831 1725 1884 στύλφ
1748 1832 1916 1885 νεφέλης

464 1896 511 1935 *d
531 1896 658 1950 στόλῳ
675 1896 808 1950 πυρὸς
826 1896 1048 1950 σκιάζοντα
1067 1896 1210 1946 αὐτοῖς
1236 1896 1303 1938 διὰ
1322 1895 1486 1942 θάλπος
1504 1894 1684 1949 ἄμετρον
1703 1899 1770 1938 καὶ
1790 1899 1916 1947 φωτί-

465 1961 562 2020 Q
580 1964 647 2004 καὶ
673 1959 905 2016 ὁδηγοῦντα
923 1961 1022 2010 τοὺς
1050 1961 1129 2004 οὐκ
1156 1962 1314 2010 εἰδότας
1334 1960 1442 2004 ὅπου
1467 1965 1748 2014 πορευθῶσιν,
1776 1960 1853 2003 τὸν
1870 1961 1914 2012 ἐξ

465 2022 608 2076 down&
632 2025 999 2081 μαννοδοτήσαντα
1017 2024 1156 2077 αὐτοῖς
1182 2030 1249 2069 καὶ
1279 2027 1325 2069 ἐκ
1344 2025 1554 2080 θαλάσσης
1572 2024 1914 2079 κρεωδοτήσαντα
1937 2030 1982 2063 25

466 2086 751 2145 ὅσωγομήτραν,
783 2091 862 2133 τὸν
895 2091 940 2133 ἐν
974 2096 1036 2145 τῷ
1071 2090 1155 2146 ὄρει
1193 2091 1532 2146 νομοθετήσαντα
1566 2090 1720 2141 αὐτοῖς,
1755 2086 1811 2149 -οὗ
1845 2094 1917 2144 τῆς

540 2202 560 2233 2
578 2199 662 2234 Gen.
684 2209 717 2241 4.
741 2200 772 2233 8.
795 2208 847 2234 22.
876 2218 922 2225 —
950 2203 972 2234 8
994 2200 1046 2234 Ps.
1069 2209 1123 2244 49,
1145 2200 1262 2240 8—14.
1296 2218 1336 2224 —
1373 2203 1414 2234 10
1436 2200 1488 2233 Ps.
1511 2208 1564 2242 49,
1592 2208 1640 2232 12.
1676 2217 1717 2224 -
1751 2202 1790 2233 13
1814 2199 1917 2231 Exod.

468 2255 535 2292 im.
554 2273 590 2279 —
614 2258 655 2289 14
669 2254 725 2288 Ps.
744 2263 815 2296 105,
831 2263 883 2288 20.
899 2273 940 2279 -
965 2258 1005 2288 15
1021 2254 1122 2288 Exod.
1144 2263 1171 2297 3.
1190 2273 1229 2279 --
1249 2257 1288 2288 16
1302 2253 1405 2287 Exod.
1422 2262 1539 2293 4—12.
1564 2273 1605 2278 —
1631 2256 1670 2288 18
1685 2252 1788 2286 Exod.
1809 2261 1857 2292 14.
1877 2271 1917 2277 —

467 2305 551 2342 Mes.
564 2307 614 2351 63,
633 2317 685 2350 ¹3·
703 2328 742 2335 -
757 2312 801 2343 20
818 2308 919 2342 Exod.
939 2317 988 2350 ις,
1003 2317 1055 2351 23.
1072 2317 1124 2350 25.
1146 2326 1181 2333 -
1200 2311 1239 2342 21
1261 2308 1432 2351 Exod.17‚
1448 2306 1479 2340 6.
1496 2326 1537 2332 —
1554 2311 1597 2341 22
1615 2307 1717 2340 Exod.
1739 2316 1788 2349 13,
1806 2315 1857 2340 21.
1874 2327 1917 2332 —

465 2360 593 2396 unxod.
618 2361 669 2396 16.
693 2381 735 2387 —
759 2365 802 2397 25
823 2362 923 2395 Num.
949 2372 999 2403 11,
1025 2371 1074 2406 3¹-
1098 2380 1137 2387 -·
1162 2364 1204 2397 26
1227 2361 1329 2395 Exod.
1356 2371 1408 2395 20.

463 2447 502 2480 αἱ
518 2445 650 2492 ἆγαθῆς
673 2449 695 2482 b
718 2459 740 2482 o
769 2449 775 2490 Ι
806 2452 825 2483 7
849 2450 1074 2491 προσοίσωσι
1102 2459 1120 2481 a
1151 2452 1157 2489 Ι
1186 2449 1351 2491 προσοίσ.
1376 2445 1520 2491 γνιόμης
1541 2460 1584 2478 ω
1607 2458 1627 2490 p
1652 2459 1671 2479 v
1702 2449 1706 2487 1
1737 2449 1758 2481 8
1782 2443 1886 2480 θύειν
1910 2458 1918 2479 :

463 2499 560 2536 Ouio
579 2514 600 2547 p
623 2514 644 2536 v
664 2505 669 2544 Ι
690 2505 712 2537 9
734 2501 914 2546 ἐπιθυμῇς
934 2503 955 2536 d
972 2512 992 2536 e
1012 2504 1017 2543 Ι
1034 2514 1097 2544 μοι
1110 2506 1156 2542 >
1175 2503 1194 2536 b
1218 2512 1240 2536 0
1260 2503 1265 2543 Ι
1285 2501 1325 2536 έν
1344 2503 1448 2547 χρείᾳ
1465 2513 1472 2535 :
1489 2498 1610 2544 χρειὸς
1632 2501 1652 2534 d
1669 2513 1699 2542 v,
1723 2497 1826 2544 χριὸς
1849 2501 1868 2532 b
1886 2510 1918 2541 o,

459 2557 549 2596 miae
569 2568 587 2591 e
618 2560 625 2599 Ι
658 2561 698 2591 11
722 2553 853 2592 τούτου
871 2567 890 2590 a
921 2558 925 2597 Ι
957 2560 998 2591 12
1019 2556 1138 2591 αἰτίαν
1160 2568 1168 2589 :
1191 2557 1367 2599 πονηρίαν
1389 2556 1420 2595 b,
1443 2557 1574 2597 πορίαν
1596 2565 1617 2588 ο
1646 2557 1651 2596 Ι
1680 2554 1719 2595 ἐξ
1741 2559 1785 2594 >
1810 2555 1830 2587 b
1853 2564 1874 2586 o
1906 2565 1909 2596 Ι

461 2610 488 2643 18
502 2613 617 2653 πυρίας
639 2623 660 2645 e
681 2611 706 2644 h
725 2613 732 2652 Ι
754 2615 794 2645 14
819 2622 862 2646 σε
882 2615 926 2650 >
950 2620 974 2645 ο
992 2614 997 2653 Ι
1017 2607 1248 2654 δυσσεβῆσαν
1271 2621 1292 2644 0
1318 2615 1324 2652 Ι
1345 2613 1386 2645 15
1408 2606 1659 2653 άπηρνήσαιτο
1680 2620 1688 2642 :
1710 2606 1921 2651 α’πήρνησαν

458 2659 617 2708 τᾶνοῑιὸ
640 2661 1221 2708 αὖτοόςετοὺςὴίτῇ>ε117
1245 2661 1623 2706 τὸνεκαὶιΙτοῦςει
1646 2662 1911 2704 bo:>rel1

458 2718 485 2751 18
500 2717 554 2762 τὴν
573 2724 619 2759 >
643 2731 666 2764 p
691 2731 711 2752 v
736 2721 743 2761 Ι
767 2716 928 2754 διελόντα
950 2722 1032 2754 θαλ.
1055 2732 1099 2750 ω
1120 2719 1141 2752 d
1165 2729 1185 2763 p
1208 2730 1229 2751 v
1255 2721 1261 2759 Ι
1287 2721 1327 2753 19
1350 2715 1491 2753 ὑδάτων
1512 2727 1535 2752 0
1565 2719 1570 2758 Ι
1599 2721 1643 2752 22
1664 2714 1786 2756 αὐτοῖς
1810 2717 1830 2749 b
1852 2716 1873 2748 d
1896 2726 1919 2749 ο

456 2769 483 2805 d.
499 2772 525 2807 D
550 2787 557 2807 :
586 2779 631 2814 >
657 2773 708 2807 rel
737 2774 743 2815 Ι
771 2776 868 2813 28124
894 2775 1096 2816 φωτίζοντα
1121 2776 1159 2813 -Ι-
1185 2770 1316 2812 αότοὺς
1343 2773 1364 2805 b
1388 2782 1409 2805 ο
1441 2774 1447 2812 Ι
1476 2775 1518 2806 24
1541 2765 1632 2806 ὅπου
1661 2782 1669 2804 :
1697 2768 1739 2804 τὸ
1761 2773 1831 2805 ποῦ
1856 2770 1876 2803 b
1905 2771 1910 2812 Ι

453 2826 482 2859 ὅ
498 2825 611 2868 αὐτοῖς
634 2847 679 2852 --
702 2829 873 2869 κρεωδοτ.
895 2832 939 2867 >
962 2827 984 2860 d
1012 2829 1017 2869 Ι
1047 2823 1346 2871 κρεωδοτήσαντα
1379 2837 1386 2859 :
1416 2828 1536 2868 κρεοό.
1560 2836 1580 2859 e
1602 2837 1623 2858 v
1652 2824 1694 2859 cf.
1717 2835 1745 2859 c.
1773 2834 1800 2867 3,
1827 2834 1854 2865 1,
1880 2827 1917 2864 -Ι-

453 2876 546 2923 :brot-‚-
567 2884 588 2917 b
611 2893 635 2917 ο
661 2880 705 2916 cs.
729 2880 761 2913 D
