2457 3436
790 273 1112 303 CONSTITUTIONUM
1142 273 1405 302 APOSTOLORL'M
1433 273 1512 301 vm.
1844 263 1895 301 &5

1128 418 1179 454 Γ.

493 503 740 543 IIAYAOY
765 503 886 542 ΤΟΥ
908 502 1091 541 ΑΓΙΟῩ
1113 502 1477 541 ΑΠΟΣΤΟΑΟΥ
1498 501 1812 544 ΔΙ,-1’1ἈΞΕΙΣ

626 579 773 617 ΠΕΡΙ
797 577 1094 617 ΚΑΝΟΝῼΝ
1116 575 1676 616 ΕΚΚΑΗΣΙΑΣΤΙΚῼΝ.

514 681 630 722 XXII
651 681 814 736 (xxxn).
846 680 974 736 Κᾰγώ
1004 685 1167 730 Παῦλος
1197 680 1248 730 ,,ὸ
1275 685 1362 722 τῶν
1389 677 1635 722 ἀποστόλων
1664 680 1897 733 έλιὶχιστος“’

406 746 501 789 τάδε
537 747 804 800 διατάσσομαι
840 745 937 800 ὑμῖν
977 756 1064 795 τοῖς
1099 746 1337 794 ἐπισκόποις
1373 748 1441 787 καὶ
1476 746 1764 799 πρεσβυτέροις
1805 748 1894 797 περὶ

407 811 615 854 κανόνων.
665 824 701 853 2.
731 812 770 855 οἱ
798 812 977 864 πρώτως
1004 811 1246 865 προσιόντες
1275 816 1338 864 τῷ
1359 813 1567 864 μυστηρίῳ
1595 816 1669 864 τῆς
1698 807 1898 860 εὐσεβείας
1920 820 1941 851 5

407 876 471 918 διὰ
498 881 589 918 ταῖν
616 877 825 919 διακόνων
852 878 1203 930 προσαγέσθωσαν
1231 882 1294 929 τῷ
1317 875 1529 929 ἐπισκόπῳ
1558 874 1582 928 ἢ
1612 884 1698 924 τοῖς
1725 879 1897 927 πρεσβυ-

405 944 538 995 τέροις
572 945 641 984 καὶ
674 941 746 991 τὰς
781 943 912 990 αἰτίας
939 942 1281 993 ἐξεταζέσθωσαν,
1320 937 1370 982 οὗ
1401 940 1521 993 χάριν
1554 944 1800 993 προσῆλθον
1834 945 1897 992 τῷ

406 1013 592 1061 κυριακῷ
635 1008 764 1061 λόγῳ·
813 1007 858 1049 οἵ
893 1022 938 1049 τε
983 1009 1330 1060 προσενέγκαντες
1370 1008 1703 1059 μαρτυρείτωσαν
1743 1003 1896 1053 αὐτοῖς,

406 1070 713 1124 ἄκριβοόσαντες
743 1071 796 1113 τὰ
830 1071 922 1114 κατ’
955 1070 1117 1120 αὐτούς.
1174 1072 1426 1123 ἐξεταζέσθω
1462 1072 1505 1112 δὲ
1539 1067 1682 1112 αὐτῶν
1717 1069 1898 1123 ἀκριβῶς

406 1139 475 1179 καὶ
502 1134 526 1179 ὁ
550 1137 710 1190 τρόπος
734 1139 800 1178 καὶ
831 1135 854 1178 ὃ
875 1139 962 1188 βίος
990 1138 1056 1178 καὶ
1085 1138 1120 1178 εἰ
1148 1138 1289 1178 δοῦλοί
1316 1137 1415 1178 εἰσιν
1445 1134 1469 1189 ἢ
1490 1136 1714 1188 ἐλεύθεροι.
1765 1147 1799 1187 3.
1830 1136 1898 1175 καὶ
1924 1144 1963 1175 10

406 1197 519 1243 &2³²
494 1218 519 1254 ῃ
539 1218 601 1250 τις
621 1196 782 1252 δοῦλος,
811 1202 1054 1255 ἐρωτάσθω,
1085 1195 1133 1243 οὗ
1159 1201 1373 1250 δεσπότου,
1402 1204 1470 1241 καὶ
1489 1199 1561 1242 ἐὰν
1580 1205 1730 1242 πιστοῦ
1749 1202 1898 1248 δοῦλος

406 1265 700 1320 ῇέρωτάσθω
730 1265 753 1308 ὃ
780 1266 921 1320 κύριος
949 1265 1092 1315 αυτοῦ,
1122 1267 1158 1308 εἰ
1175 1275 1371 1318 μαρτυρεῖ
1387 1262 1519 1317 αὐτῷ·
1549 1265 1620 1306 ἐὰν
1640 1266 1683 1306 δὲ
1701 1263 1767 1317 μή,
1798 1263 1898 1305 α’πο-

405 1333 638 1382 βαλλέσθω,
667 1331 745 1380 ἕως
773 1328 824 1372 ἂν
844 1330 961 1383 ἄξιον
989 1330 1138 1373 ἑαυτὸν
1167 1332 1343 1383 ἐπιδείξῃ
1361 1335 1424 1383 τῷ
1441 1330 1636 1381 δεσπότῃ·
1667 1330 1702 1370 εἰ
1729 1330 1769 1370 δὲ
1798 1344 1897 1381 μαρ-

405 1406 522 1450 τυρετ
548 1393 674 1449 αὐτῷ,
703 1398 1005 1449 προσδεχέσθω.
1053 1396 1088 1437 εἰ
1116 1397 1158 1437 δὲ
1183 1396 1358 1437 ἐθνικοῦ
1386 1391 1411 1448 ᾗ
1439 1395 1609 1449 οἰκέτης,
1639 1395 1898 1436 διδασκέσθω

405 1460 664 1514 υεὐαρεστεῖν
698 1466 759 1515 τῷ
793 1461 981 1514 δεσπότῃ,
1019 1461 1086 1503 ἵνα
1118 1461 1171 1515 μὴ
1203 1465 1486 1515 βλασφημῆται
1521 1457 1544 1501 ὁ
1574 1459 1733 1512 λόγος“.
1790 1473 1827 1511 4.
1864 1459 1898 1500 εἰ
1924 1466 1963 1498 15

405 1529 480 1580 μὲν
506 1521 585 1569 οὖν
613 1525 690 1579 ἔχει
717 1535 889 1580 γυναῖκα
917 1524 942 1580 ἢ
970 1523 1113 1580 ἡγυνὴ
1145 1524 1289 1578 ἄνδρα,
1319 1526 1655 1567 διδασκέσθωσαν
1683 1522 1897 1575 ἀρκεῖσθαι

406 1591 584 1640 {avt-013·
627 1592 663 1633 εἰ
695 1593 737 1634 δὲ·
772 1589 920 1645 ἄγαμοί
956 1592 1042 1642 εἰσι,
1080 1593 1409 1645 μανθανέτωσαν
1442 1589 1496 1643 μὴ
1531 1587 1759 1642 πορνεύειν,
1795 1587 1899 1629 ἀλλὰ

405 1666 546 1711 γαμεῖν
575 1655 701 1709 νόμῳ.
755 1669 790 1709 5.
821 1656 855 1698 εἰ
883 1658 923 1698 δὲ
955 1656 978 1698 ὁ
1007 1655 1206 1709 δεσπότης
1235 1652 1378 1706 αὐτοῦ,
1405 1653 1553 1703 πιστὸς
1583 1653 1646 1695 ὤν
1674 1655 1742 1694 καὶ
1769 1652 1897 1701 εἰδώς,

406 1719 473 1764 ὅτι
508 1719 713 1774 πορνεύει,
756 1720 809 1763 οὐ
846 1723 1012 1763 δίδωσιν
1048 1719 1163 1774 αὐτῷ
1198 1729 1372 1774 γυναῖκα
1408 1717 1433 1774 ἢ
1469 1724 1520 1771 τῇ
1559 1720 1718 1772 γυναικὶ
1757 1715 1898 1769 ἄνδρα,

406 1785 682 1840 α’φοριζέσθω.
741 1788 777 1828 6.
817 1786 888 1828 ἐὰν
922 1787 968 1828 δέ
1001 1802 1062 1834 τις
1098 1787 1269 1839 δαίμονα
1303 1786 1384 1837 ἔχῃ,
1421 1786 1677 1825 διδασκέσθω
1713 1784 1787 1835 μὲν
1823 1781 1899 1835 τὴν
1922 1791 1965 1821 20

406 1848 625 1902 εὐσέβειαν,
654 1851 708 1905 μὴ
735 1852 1025 1904 προσδεχέσθω
1046 1853 1087 1892 δὲ
1109 1852 1164 1899 εἰς
1184 1852 1419 1900 κοινωνίαν,
1449 1852 1560 1902 πρὶν,
1573 1847 1624 1889 ἂν
1644 1850 1898 1899 καθαρισθῇ·

517 1985 537 2015 3
559 1981 575 2014 1
598 1981 677 2014 Cor.
704 1989 753 2023 15,
776 1992 806 2025 9.
829 2000 869 2004 —
897 1984 937 2015 15
960 1981 1024 2014 Tit.
1050 1990 1079 2022 2,
1103 1991 1132 2024 9.
1159 1990 1186 2022 5.

518 2082 534 2113 1
567 2074 712 2113 Παύλου
741 2090 748 2111 :
778 2077 943 2121 praemisit
979 2077 1021 2112 ἐκ
1048 2081 1111 2121 τῆς
1137 2079 1262 2121 βίβλου
1296 2080 1369 2111 τῶν
1399 2079 1580 2119 διαταγιῦν
1608 2072 1665 2108 διὰ
1695 2069 1901 2117 Κλήμεντος

407 2132 620 2176 γραφέντων
648 2132 728 2175 (sic)
758 2142 776 2165 a
801 2131 808 2176 Ι
831 2135 896 2167 τοῦ
926 2127 1033 2174 ἁγίου
1056 2140 1091 2167 >
1116 2143 1136 2163 ν
1156 2137 1160 2173 Ι
1181 2128 1288 2174 ἁγίου
1312 2126 1546 2175 ιίἆγιωτάτου
1574 2140 1606 2162 m
1632 2139 1657 2168 S,
1686 2137 1720 2163 >=
1746 2127 1762 2160 f
1783 2131 1786 2168 ἱ
1813 2125 1901 2161 ἀπο-

406 2185 540 2222 στόλου
563 2194 599 2222 >
623 2197 658 2219 m
677 2188 682 2225 1
703 2184 860 2226 διάταξις
881 2197 902 2218 ν
922 2188 926 2227 Ι
946 2189 967 2220 2
989 2187 1073 2227 περὶ
1096 2194 1130 2222 >
1156 2196 1189 2218 m
1210 2186 1214 2226 Ι
1235 2181 1398 2219 κανόνων
1421 2192 1455 2220 >
1479 2196 1509 2224 ν,
1535 2186 1572 2223 4-
1598 2184 1691 2220 τίνες
1713 2178 1900 2223 ὀφείλουσι

405 2238 663 2285 προσάγεσθαι
687 2238 777 2284 πρὸς
797 2237 840 2274 τὸ
861 2237 1047 2283 βάπτισμα
1070 2238 1107 2281 sl
1128 2241 1183 2282 3s1'2
1206 2236 1309 2282 κάγώ
1327 2258 1365 2261 --
1385 2235 1549 2272 κανόνων
1565 2238 1584 2269 b
1603 2235 1619 2268 f
1632 2246 1654 2268 n
1670 2248 1689 2268 v
1739 2243 1773 2270 >
1793 2246 1811 2268 a
1828 2245 1860 2268 m
1888 2236 1891 2268 Ξ

405 2300 427 2330 4
451 2294 508 2330 ἐπ.
531 2296 595 2329 καὶ
616 2297 747 2338 πρεσβ.
770 2306 791 2326 ν
815 2293 874 2327 C:
898 2293 1159 2337 πρεσβυτέροις
1187 2295 1248 2327 καὶ
1271 2289 1453 2331 διακόνοις
1474 2292 1494 2323 b
1517 2290 1533 2324 f
1552 2301 1573 2323 n
1599 2295 1602 2332 ζ
1629 2292 1649 2324 5
1671 2285 1836 2323 κανόνων
1860 2291 1898 2329 4-

404 2351 491 2393 περὶ
506 2352 582 2383 τῶν
597 2345 749 2391 πρώτως
764 2347 1067 2391 προσερχομένων
1082 2350 1133 2381 τῶ
1148 2349 1333 2390 μυστηρίω
1347 2358 1366 2379 ν
1383 2352 1535 2390 tanquam
1547 2344 1715 2387 inscriptio
1731 2348 1734 2386 j
1749 2355 1901 2386 πρωτως

404 2414 513 2447 προσ.
537 2399 853 2447 ;προσερχόμενοι
876 2413 895 2435 a
914 2404 919 2443 1
939 2402 1147 2446 προσιέντες
1170 2413 1190 2434 ν
1211 2403 1215 2441 Ι
1234 2404 1284 2434 τιῦ
1306 2404 1341 2441 -4-
1360 2396 1455 2443 άγίω
1478 2409 1497 2431 a
1517 2400 1521 2429 i
1541 2402 1562 2432 8
1582 2410 1647 2431 ts:
1664 2397 1703 2431 δὲ
1726 2408 1759 2430 m
1777 2408 1799 2430 n
1818 2407 1832 2429 s
1851 2402 1862 2429 t
1887 2399 1891 2439 Ι

403 2453 716 2500 προσενεγκόντες
738 2467 757 2489 a
777 2457 781 2496 Ι
801 2452 923 2495 αὐτοῖς
946 2464 980 2491 >
1007 2456 1074 2488 sm
1097 2466 1112 2488 s
1135 2460 1148 2488 t
1176 2459 1179 2498 Ι
1208 2459 1227 2489 9
1250 2451 1410 2518 αυτοέἱςε
1434 2450 1554 2488 αὐτῶν
1579 2464 1596 2485 ν
1623 2453 1691 2485 11
1700 2463 1769 2490 οςτι
1793 2464 1812 2493 η
1837 2462 1857 2483 v
1888 2453 1891 2492 ζ

408 2514 503 2545 11112
521 2508 723 2554 ἐρωτάσθω
741 2529 781 2534 —
800 2513 926 2550 δοῦλος
943 2504 964 2553 ᾖ
981 2522 1001 2542 ν
1018 2510 1096 2552 (nisi
1115 2509 1202 2553 quod
1216 2504 1346 2542 habet‘
1329 2521 1349 2543 ο
1365 2502 1538 2550 δεσπότῃ,
1525 2508 1557 2549 )
1572 2506 1624 2540 C:
1643 2505 1677 2540 εἰ
1692 2505 1759 2547 μὲν
1772 2508 1901 2539 matos

405 2568 536 2604 δοῦλος
564 2561 711 2608 ὑπάρχει
740 2565 761 2597 b
786 2563 852 2604 fn,
881 2572 915 2600 >
940 2576 958 2597 a
980 2575 1016 2597 m
1039 2574 1054 2597 s
1076 2570 1089 2597 t
1115 2565 1119 2605 Ι
1149 2568 1189 2598 12
1212 2561 1336 2606 κύριος
1359 2575 1366 2596 :
1391 2559 1567 2605 δεσπότης
1594 2572 1614 2593 a
1642 2571 1675 2592 m
1699 2569 1714 2592 s
1737 2565 1750 2592 t
1776 2561 1780 2599 1
1806 2557 1869 2593 ἐὰν
1892 2571 1900 2592 :

406 2613 1309 2662 eim!lasldb>amstl14ffansz'qsv,
1332 2611 1892 2658 >amstgl55131apmretva!

409 2678 451 2709 16
474 2670 549 2717 ἔχει
570 2675 607 2714 4·
627 2668 647 2707 ὁ
665 2670 756 2716 ἀνὴρ
779 2683 813 2705 m
834 2673 838 2714 Ι
858 2670 986 2715 ἀρκεῖν
1007 2672 1030 2712 f,
1055 2670 1242 2715 ἀρκείσθω
1267 2683 1285 2705 a
1306 2675 1309 2714 Ι
1332 2675 1371 2706 17
1397 2669 1535 2708 ἑαυτοῖς
1551 2667 1688 2711 (αὐτοῖς
1703 2669 1737 2710 a)
1756 2680 1763 2700 :
1782 2670 1819 2707 -ξ-
1840 2668 1901 2700 καὶ

405 2733 615 2771 σωφρονεῖν
637 2727 657 2760 b
679 2725 697 2760 f
714 2738 735 2759 n
756 2729 761 2768 Ι
783 2729 824 2761 18
846 2724 945 2772 νόμῳ
969 2739 989 2759 ν
1013 2726 1065 2759 C:
1083 2725 1122 2761 έν
1140 2738 1168 2760 ν.
1184 2733 1207 2766 t,
1231 2723 1389 2768 ἐννόμως
1407 2725 1452 2758 rel
1473 2727 1477 2757 ἶ
1498 2721 1617 2758 αὐτῶν
1632 2735 1651 2754 v
1673 2732 1676 2763 ι
1696 2725 1739 2755 20
1757 2721 1793 2755 δὲ
1811 2733 1831 2753 ν
1847 2721 1900 2753 C:

407 2790 441 2817 3>
467 2782 514 2815 rel
535 2783 540 2822 ξ
561 2785 602 2816 21
627 2782 873 2824 καθαρισθείη
897 2781 917 2813 b
941 2779 963 2820 f,
986 2782 1112 2824 -σθοίη
1135 2791 1157 2813 n
