2457 3436
771 346 1036 376 Aves-romam(
1066 346 1143 385 vm,
1174 348 1225 384 12,
1248 348 1345 379 4—7.
1720 336 1797 375 497

452 475 457 482 .
488 441 599 483 dona
624 441 675 483 ad
703 441 819 484 altare
842 441 1081 484 admoveant
1109 442 1311 497 episcopo,
1345 455 1389 483 ac
1418 440 1633 496 presbyteri
1661 455 1682 482 a
1710 440 1800 483 dex-

453 506 534 547 lius
569 514 609 549 et
644 521 666 548 a
700 507 864 549 sinistris
897 514 1014 557 stent,
1049 514 1093 549 ut
1126 506 1303 561 discipuli
1339 507 1527 560 magistro
1556 507 1799 557 assistentes3

452 578 556 613 item
586 571 742 613 diaconi
777 586 824 613 ex
853 579 1012 626 utraque
1047 579 1154 626 parte
1182 571 1308 613 altaris
1336 578 1496 612 teneant
1528 569 1722 612 flabellum
1752 586 1799 612 ex

452 650 486 677 is
516 635 759 678 membranis
786 643 852 678 aut
878 650 1049 691 pennam
1078 636 1242 690 pavonis
1261 643 1327 677 aut
1355 650 1403 677 ex
1430 635 1553 677 linteo
1583 643 1622 677 et
1651 637 1798 677 sensim

452 716 459 742 ι
487 715 607 755 parva
625 700 806 743 animalia
824 699 1038 751 volitantia,
1066 715 1117 741 ne
1146 701 1185 742 in
1206 700 1343 742 calices
1372 699 1555 741 incidant.
1604 714 1641 754 4.
1664 700 1796 741 Orans

452 765 557 820 apud
576 780 617 807 se
638 764 816 820 pontifex
836 757 912 807 una
931 779 1022 807 cum
1042 765 1307 807 sacerdotibus
1327 764 1627 819 etsplendidam
1647 772 1799 807 vestem

452 844 462 872 ε
493 837 680 885 stansque
708 829 756 872 ad
785 830 901 872 altare
928 838 1134 885 tropaeum
1165 830 1288 872 crucis
1317 830 1357 870 in
1383 828 1513 870 fronte
1541 843 1660 870 manu
1688 829 1800 871 faciat

453 903 504 937 at:
549 895 690 937 Gratia
730 896 984 949 omnipotentis
1019 895 1098 936 Dei
1132 903 1167 935 et
1199 896 1340 935 caritas
1373 894 1532 935 Domini
1566 895 1685 935 nostri
1718 894 1799 936 Iesu

479 968 518 1001 et
543 961 829 1001 communicatio
854 961 977 1001 sancti
1001 960 1153 1014 spiritus
1178 961 1227 1000 sit
1255 973 1338 1000 cum
1367 958 1535 1000 omnibus
1560 958 1676 1000 vobis.
1732 960 1801 1000 At-

452 1038 556 1067 nnes
584 1038 661 1066 una
690 1038 790 1066 voce
818 1023 1102 1080 respondeant:
1131 1024 1179 1065 Et
1208 1038 1297 1065 cum
1316 1024 1463 1078 ¹spiritu
1491 1030 1575 1065 tuo.
1627 1035 1662 1075 5.
1692 1023 1799 1064 Tum

452 1104 505 1131 rx:
533 1089 698 1131 Sursum
719 1097 909 1140 mentem,
933 1096 972 1131 et
992 1103 1152 1131 ornnes:
1182 1088 1382 1130 Habemus
1405 1087 1453 1129 ad
1473 1088 1707 1129 Dominum.
1755 1089 1801 1130 Et

1826 1030 1866 1061 10

452 1169 505 1195 rx:
534 1153 687 1196 Gratias
714 1168 876 1208 agamus
903 1153 1102 1205 Domino;
1132 1160 1171 1195 et
1199 1154 1348 1195 cuncti:
1379 1153 1554 1206 Dignum
1586 1160 1625 1194 et
1653 1153 1799 1194 iustum
1832 1184 1836 1187 -

452 1220 477 1261 {t
502 1218 680 1273 pontifex
705 1218 824 1261 dicat:
857 1221 895 1260 6.
914 1219 1021 1260 Vere
1040 1217 1204 1272 dignum
1226 1226 1265 1260 et
1293 1220 1434 1260 iustum
1457 1225 1527 1268 est,
1556 1225 1646 1260 ante
1667 1218 1801 1260 omnia

452 1298 467 1325 ε
496 1291 535 1326 te
564 1298 701 1325 verum
728 1284 874 1334 Deum,
902 1290 992 1325 ante
1009 1291 1201 1325 creaturas
1221 1283 1485 1334 exsistentem,
1514 1297 1561 1324 ex
1587 1297 1657 1337 quo
1684 1284 1801 1324 omnis

452 1350 516 1390 ‘tas
543 1350 583 1390 in
610 1349 715 1390 caelo
743 1356 777 1389 et
804 1350 844 1389 in
870 1357 975 1389 terra
1002 1349 1219 1389 nominatur
1225 1362 1242 1397 ;
1274 1347 1401 1389 solum
1431 1348 1663 1401 ingenitum,
1697 1349 1802 1402 prin-

452 1421 652 1468 :xpertem,
685 1426 778 1467 rege
812 1427 856 1454 ac
891 1412 1057 1455 domino
1091 1420 1303 1463 carentem,
1338 1412 1439 1454 nulla
1468 1426 1510 1453 re
1543 1411 1799 1466 indigentem,

464 1478 557 1520 boni
585 1478 827 1533 largitorem,
856 1478 968 1519 omni
988 1491 1102 1519 causa
1122 1485 1161 1519 et
1181 1478 1333 1531 origine
1359 1478 1616 1531 superiorem,
1646 1491 1800 1532 semper

452 1542 647 1597 odemque
667 1541 792 1584 modo
819 1550 860 1584 te
883 1541 1111 1593 habentem3
1140 1555 1165 1583 a
1192 1555 1262 1597 quo
1291 1549 1423 1582 cuncta
1452 1548 1649 1596 tamquam
1680 1555 1700 1583 e
1722 1556 1802 1583 car·

452 1622 464 1648 5
489 1607 720 1662 quibusdam
747 1606 795 1648 ad
826 1606 1090 1649 exsistendum
1119 1614 1406 1661 processerunt.
1459 1619 1496 1659 7.
1526 1605 1591 1647 Tu
1623 1607 1727 1648 enim
1760 1621 1801 1648 es

452 1686 483 1717 s
503 1686 641 1726 expers
669 1672 860 1725 cognitio,
887 1679 1098 1727 perpetuus
1127 1672 1245 1722 vism,
1279 1670 1431 1712 auditus
1460 1671 1670 1725 ingenitus,
1702 1672 1801 1726 sapi-

454 1750 535 1778 non
572 1737 726 1787 edocta,
760 1737 907 1791 pn'mus
935 1743 1070 1778 natura
1107 1743 1146 1778 et
1179 1750 1279 1777 unus
1308 1735 1532 1777 exsistendo
1561 1749 1604 1777 ac
1638 1749 1800 1777 omnem

453 1816 517 1843 um
548 1814 735 1855 superans
744 1817 756 1852 3
790 1802 854 1856 qui
884 1801 1019 1842 omnia
1047 1816 1095 1843 ex
1123 1800 1245 1842 nihilo
1281 1801 1319 1841 in
1348 1814 1477 1842 rerum
1508 1808 1683 1842 naturam
1713 1815 1801 1856 pro-

454 1943 479 1972 r,
512 1933 546 1965 in
575 1931 716 1965 Oriente
750 1937 882 1976 propter
913 1941 1024 1965 aerem
1090 1932 1231 1965 servavit
1243 1931 1386 1974 Liturgia
1399 1929 1665 1971 Mozarabica‚cf.
1678 1931 1802 1975 Migne‚

490 1985 561 2019 fieri
597 1985 753 2029 oportuit.
810 1984 1024 2019 Consuetudo
1089 1985 1143 2019 PL
1166 1986 1219 2027 85,
1246 1995 1315 2027 ¹15-

452 2050 503 2074 lec
518 2039 644 2074 Latinis
668 2039 806 2073 omnino
827 2039 940 2083 ignota
964 2045 1022 2074 est.

452 2095 658 2127 nsuetudines
679 2094 869 2127 monasterii
893 2092 1026 2127 Clunia-

452 2149 465 2189 ἶ,
476 2158 526 2192 30,
532 2147 748 2192 Spicilegium
758 2147 808 2181 ed.
816 2147 853 2181 L.
861 2147 1026 2192 d’Achery

455 2214 463 2243 ;
488 2202 540 2236 ed.
565 2202 617 2235 De
637 2202 670 2234 Ia
687 2201 785 2235 Bai-re
812 2210 888 2244 1723
907 2200 932 2242 1,
950 2200 1025 2245 677.

452 2254 491 2291 τὰ
513 2254 691 2298 κύπελλα]
725 2254 892 2293 Quamdiu
915 2255 1025 2289 clerici

455 2320 532 2343 cum
563 2311 723 2353 episcopo
752 2309 803 2342 vel
832 2310 1025 2354 presbytero

452 2369 495 2398 ite
529 2363 803 2397 communionem
842 2364 1025 2403 sumebant,

452 2419 482 2451 in
505 2417 685 2450 maioribus
708 2416 858 2450 eeclesiis
881 2416 1025 2461 pluribus

452 2483 464 2506 s
487 2482 572 2516 opus
595 2477 675 2505 erat.

452 2523 554 2569 χάρις
573 2524 666 2568 κτλ]
690 2524 950 2569 chrysostomus
973 2524 1024 2558 De

452 2590 488 2613 ec.
511 2579 604 2613 hom.
627 2579 653 2620 1,
673 2588 695 2620 4
717 2579 854 2621 (Bened.
870 2578 912 2619 11,
928 2577 1024 2621 463):

452 2645 556 2676 τερον
571 2627 722 2668 ἅπτεται
745 2632 783 2676 (ὁ
797 2629 931 2676 ἱερεὺς)
953 2634 1026 2666 τῶν

452 2688 575 2729 ιένων,
618 2684 686 2726 ἕως
723 2683 769 2721 ἄν
800 2682 885 2730 ὑμῖν
917 2683 1026 2725 αὐτὸς

452 2754 500 2776 ται
513 2739 581 2784 τὴν
591 2738 689 2783 παρὰ
701 2743 764 2775 τοῦ
771 2741 899 2785 κυρίου
907 2737 1024 2783 χάριν,

452 2800 498 2836 εἴς
519 2794 797 2842 ἐπιφθέγξησθε
819 2791 934 2840 αὐτῷ·
962 2796 1026 2828 καὶ

453 2848 570 2892 ἤματί
596 2859 674 2882 σου.
717 2848 912 2882 Orationem
944 2858 1024 2882 con-

454 2915 492 2946 t,
516 2905 651 2938 Duum
674 2913 713 2938 ετ
735 2904 883 2938 Cone-nr.
905 2913 957 2936 ΑΡ.
1002 2904 1026 2936 Ι.

1137 2059 1166 2092 5.
1197 2049 1248 2083 Cf.
1278 2049 1391 2094 Cyrill.
1421 2049 1508 2084 Hier.
1538 2049 1610 2083 Cat.
1639 2056 1737 2094 myst.
1760 2050 1801 2091 V,

1090 2112 1192 2146 4-53
1227 2103 1400 2148 Chrysost.
1432 2103 1482 2136 De
1512 2103 1631 2148 paenit.
1661 2104 1752 2138 horn.
1781 2114 1802 2148 9

1091 2158 1229 2200 (Bened.
1252 2157 1292 2197 11,
1318 2158 1405 2201 349).

1133 2233 1163 2267 6.
1193 2230 1254 2266 τὸν
1275 2230 1387 2274 μόνον
1410 2229 1616 2276 ἀγέννητον]
1648 2233 1700 2268 Cf.
1725 2234 1800 2267 lust.

1091 2287 1188 2331 Apol.
1213 2287 1237 2326 1,
1265 2295 1319 2327 14;
1344 2285 1475 2330 Dialog.
1499 2297 1526 2320 c.
1550 2295 1646 2329 4-5.

1134 2351 1229 2394 6—7.
1258 2351 1311 2386 Cf.
1341 2351 1409 2392 vll,
1438 2361 1486 2394 35,
1510 2361 1633 2396 9—103
1662 2351 1747 2391 VIII,
1775 2361 1802 2392 5,

1094 2414 1185 2439 1—2.

1135 2470 1253 2514 6—27.
1277 2469 1527 2514 Ps.-Dionysius
1550 2470 1602 2503 De
1620 2469 1699 2503 eccl.
1717 2470 1802 2503 hier-

1091 2525 1178 2558 arch.
1207 2535 1236 2558 c.
1268 2534 1295 2567 3,
1327 2534 1354 2567 3,
1378 2533 1413 2567 7:
1446 2520 1510 2558 τὸν
1536 2517 1650 2566 ὕμνον
1676 2527 1804 2558 τοῦτον

1091 2578 1127 2613 02
1148 2578 1216 2621 μὲν
1238 2574 1458 2621 ὑμνολογιάν
1485 2580 1670 2619 καλοῦσιν,
1703 2577 1737 2612 οὶ
1765 2577 1803 2612 δὲ

1089 2635 1152 2676 τῆς
1181 2633 1379 2676 θρησκείας
1406 2629 1447 2665 τὸ
1477 2629 1673 2674 σύμβολον,
1703 2627 1802 2665 ἄλλοι

1091 2686 1130 2722 δὲ
1164 2682 1213 2726 ὥς
1244 2683 1343 2729 οἶμαι
1375 2683 1564 2729 θειότερον
1597 2684 1804 2729 ὶεραρχικὴν

1091 2737 1318 2784 εὐχαριστίαν
1340 2736 1390 2779 ὥς
1411 2738 1644 2784 περιεκτικὴν
1664 2743 1737 2774 τῶν
1753 2740 1805 2779 εἰς

1090 2790 1183 2838 ἡμᾶς·
1206 2792 1344 2829 θεόθεν
1364 2790 1597 2836 ἀφικομένων
1611 2792 1721 2837 ἱερῶν
1736 2791 1804 2827 δώ-

1089 2860 1174 2892 ρων.

1631 2905 1673 2936 32

1827 1353 1867 1385 16

1823 1677 1867 1707 20
