<?xml version="1.0" encoding="UTF-8"?>
<!DOCTYPE html PUBLIC "-//W3C//DTD XHTML 1.0 Transitional//EN"
    "http://www.w3.org/TR/xhtml1/DTD/xhtml1-transitional.dtd">
<html xmlns="http://www.w3.org/1999/xhtml" xml:lang="en" lang="en">
 <head>
  <title>
</title>
<meta http-equiv="Content-Type" content="text/html;charset=utf-8" />
  <meta name='ocr-system' content='tesseract 3.04.00' />
  <meta name='ocr-capabilities' content='ocr_page ocr_carea ocr_par ocr_line ocrx_word'/>
</head>
<body>
  <div class='ocr_page' id='page_1' title='image "./didascaliaetcon00funkgoog/didascaliaetcon00funkgoog_0564.png"; bbox 0 0 2457 3436; ppageno 0'>
   <div class='ocr_carea' id='block_1_1' title="bbox 654 368 1722 415">
    <p class='ocr_par' dir='ltr' id='par_1_1' title="bbox 654 368 1722 415">
     <span class='ocr_line' id='line_1_1' title="bbox 654 368 1722 415; baseline 0.006 -10"><span class='ocrx_word' id='word_1_1' title='bbox 654 375 920 406; x_wconf 73' lang='lat' dir='ltr'><strong>APOS‘romnuu</strong></span> <span class='ocrx_word' id='word_1_2' title='bbox 948 376 1027 413; x_wconf 78' lang='lat' dir='ltr'><strong>vm,</strong></span> <span class='ocrx_word' id='word_1_3' title='bbox 1056 378 1107 415; x_wconf 85' lang='lat'><strong>11,</strong></span> <span class='ocrx_word' id='word_1_4' title='bbox 1130 378 1247 415; x_wconf 79' lang='lat'><strong>7—12,</strong></span> <span class='ocrx_word' id='word_1_5' title='bbox 1271 378 1300 408; x_wconf 84' lang='lat'><strong>3.</strong></span> <span class='ocrx_word' id='word_1_6' title='bbox 1643 368 1722 405; x_wconf 60' lang='lat'><strong>42¹5</strong></span> 
     </span>
    </p>
   </div>
   <div class='ocr_carea' id='block_1_2' title="bbox 452 471 1722 1823">
    <p class='ocr_par' dir='ltr' id='par_1_2' title="bbox 452 471 1722 1433">
     <span class='ocr_line' id='line_1_2' title="bbox 479 471 1720 527; baseline 0 -14"><span class='ocrx_word' id='word_1_7' title='bbox 479 478 519 513; x_wconf 87' lang='lat' dir='ltr'><strong>et</strong></span> <span class='ocrx_word' id='word_1_8' title='bbox 535 471 661 514; x_wconf 88' lang='lat' dir='ltr'><strong>cultus</strong></span> <span class='ocrx_word' id='word_1_9' title='bbox 689 472 730 513; x_wconf 91' lang='lat' dir='ltr'><strong>in</strong></span> <span class='ocrx_word' id='word_1_10' title='bbox 749 479 885 513; x_wconf 86' lang='lat' dir='ltr'><strong>sancto</strong></span> <span class='ocrx_word' id='word_1_11' title='bbox 906 472 1040 525; x_wconf 90' lang='lat' dir='ltr'><strong>spiritu</strong></span> <span class='ocrx_word' id='word_1_12' title='bbox 1069 486 1173 513; x_wconf 91' lang='lat' dir='ltr'><strong>nunc</strong></span> <span class='ocrx_word' id='word_1_13' title='bbox 1203 479 1242 513; x_wconf 94' lang='lat' dir='ltr'><strong>et</strong></span> <span class='ocrx_word' id='word_1_14' title='bbox 1260 485 1417 527; x_wconf 86' lang='lat' dir='ltr'><strong>semper</strong></span> <span class='ocrx_word' id='word_1_15' title='bbox 1443 480 1481 514; x_wconf 91' lang='lat' dir='ltr'><strong>et</strong></span> <span class='ocrx_word' id='word_1_16' title='bbox 1510 473 1549 513; x_wconf 88' lang='lat' dir='ltr'><strong>in</strong></span> <span class='ocrx_word' id='word_1_17' title='bbox 1571 472 1720 514; x_wconf 84' lang='lat' dir='ltr'><strong>saecula</strong></span> 
     </span>
     <span class='ocr_line' id='line_1_3' title="bbox 452 549 648 586; baseline 0.005 -10"><span class='ocrx_word' id='word_1_18' title='bbox 452 550 489 586; x_wconf 83' lang='lat' dir='ltr'><strong>n,</strong></span> <span class='ocrx_word' id='word_1_19' title='bbox 518 549 648 578; x_wconf 86' lang='lat' dir='ltr'><strong>amen.</strong></span> 
     </span>
     <span class='ocr_line' id='line_1_4' title="bbox 452 600 1720 656; baseline 0.001 -14"><span class='ocrx_word' id='word_1_20' title='bbox 452 608 549 643; x_wconf 81' lang='lat' dir='ltr'><strong>›stea</strong></span> <span class='ocrx_word' id='word_1_21' title='bbox 568 600 755 643; x_wconf 85' lang='lat' dir='ltr'><strong>diaconus</strong></span> <span class='ocrx_word' id='word_1_22' title='bbox 775 600 893 645; x_wconf 85' lang='lat' dir='ltr'><strong>dicat:</strong></span> <span class='ocrx_word' id='word_1_23' title='bbox 914 600 1186 645; x_wconf 85' lang='lat' dir='ltr'><strong>Attendamus.</strong></span> <span class='ocrx_word' id='word_1_24' title='bbox 1231 603 1267 643; x_wconf 90' lang='lat'><strong>8.</strong></span> <span class='ocrx_word' id='word_1_25' title='bbox 1289 601 1336 643; x_wconf 79' lang='lat' dir='ltr'><strong>Et</strong></span> <span class='ocrx_word' id='word_1_26' title='bbox 1353 601 1492 643; x_wconf 88' lang='lat' dir='ltr'><strong>salutet</strong></span> <span class='ocrx_word' id='word_1_27' title='bbox 1512 603 1720 656; x_wconf 90' lang='lat' dir='ltr'><strong>episcopus</strong></span> 
     </span>
     <span class='ocr_line' id='line_1_5' title="bbox 468 665 1721 721; baseline 0.001 -14"><span class='ocrx_word' id='word_1_28' title='bbox 468 679 513 707; x_wconf 86' lang='lat' dir='ltr'><strong>ac</strong></span> <span class='ocrx_word' id='word_1_29' title='bbox 547 665 666 708; x_wconf 80' lang='lat' dir='ltr'><strong>dicat:</strong></span> <span class='ocrx_word' id='word_1_30' title='bbox 705 666 784 707; x_wconf 87' lang='lat' dir='ltr'><strong>Pax</strong></span> <span class='ocrx_word' id='word_1_31' title='bbox 817 666 894 707; x_wconf 91' lang='lat' dir='ltr'><strong>Dei</strong></span> <span class='ocrx_word' id='word_1_32' title='bbox 930 679 1021 707; x_wconf 89' lang='lat' dir='ltr'><strong>curn</strong></span> <span class='ocrx_word' id='word_1_33' title='bbox 1058 666 1241 707; x_wconf 87' lang='lat' dir='ltr'><strong>omnibus</strong></span> <span class='ocrx_word' id='word_1_34' title='bbox 1280 666 1403 707; x_wconf 90' lang='lat' dir='ltr'><strong>vobis.</strong></span> <span class='ocrx_word' id='word_1_35' title='bbox 1471 666 1517 708; x_wconf 85' lang='lat' dir='ltr'><strong>Et</strong></span> <span class='ocrx_word' id='word_1_36' title='bbox 1555 667 1721 721; x_wconf 88' lang='lat' dir='ltr'><strong>populus</strong></span> 
     </span>
     <span class='ocr_line' id='line_1_6' title="bbox 452 730 1720 785; baseline 0 -12"><span class='ocrx_word' id='word_1_37' title='bbox 452 738 486 773; x_wconf 85' lang='lat' dir='ltr'><strong>t:</strong></span> <span class='ocrx_word' id='word_1_38' title='bbox 515 730 565 773; x_wconf 81' lang='lat' dir='ltr'><strong>Et</strong></span> <span class='ocrx_word' id='word_1_39' title='bbox 588 744 678 773; x_wconf 89' lang='lat' dir='ltr'><strong>cum</strong></span> <span class='ocrx_word' id='word_1_40' title='bbox 698 731 834 785; x_wconf 89' lang='lat' dir='ltr'><strong>spiritu</strong></span> <span class='ocrx_word' id='word_1_41' title='bbox 855 739 938 773; x_wconf 93' lang='lat' dir='ltr'><strong>tuo.</strong></span> <span class='ocrx_word' id='word_1_42' title='bbox 987 743 1024 784; x_wconf 88' lang='lat'><strong>9.</strong></span> <span class='ocrx_word' id='word_1_43' title='bbox 1054 731 1254 773; x_wconf 86' lang='lat' dir='ltr'><strong>Diaconus</strong></span> <span class='ocrx_word' id='word_1_44' title='bbox 1274 745 1369 772; x_wconf 88' lang='lat' dir='ltr'><strong>vero</strong></span> <span class='ocrx_word' id='word_1_45' title='bbox 1398 731 1499 773; x_wconf 86' lang='lat' dir='ltr'><strong>dicat</strong></span> <span class='ocrx_word' id='word_1_46' title='bbox 1518 731 1720 773; x_wconf 88' lang='lat' dir='ltr'><strong>omnibus:</strong></span> 
     </span>
     <span class='ocr_line' id='line_1_7' title="bbox 452 795 1721 851; baseline 0.001 -15"><span class='ocrx_word' id='word_1_47' title='bbox 452 809 497 836; x_wconf 66' lang='lat' dir='ltr'><strong>&#39;os</strong></span> <span class='ocrx_word' id='word_1_48' title='bbox 524 797 683 837; x_wconf 77' lang='lat' dir='ltr'><strong>invicem</strong></span> <span class='ocrx_word' id='word_1_49' title='bbox 710 797 751 836; x_wconf 82' lang='lat' dir='ltr'><strong>in</strong></span> <span class='ocrx_word' id='word_1_50' title='bbox 778 795 900 837; x_wconf 89' lang='lat' dir='ltr'><strong>osculo</strong></span> <span class='ocrx_word' id='word_1_51' title='bbox 928 803 1055 837; x_wconf 81' lang='lat' dir='ltr'><strong>sancto</strong></span> <span class='ocrx_word' id='word_1_52' title='bbox 1063 810 1081 845; x_wconf 90' lang='lat'><em>;</em></span> <span class='ocrx_word' id='word_1_53' title='bbox 1108 803 1147 837; x_wconf 91' lang='lat' dir='ltr'><strong>et</strong></span> <span class='ocrx_word' id='word_1_54' title='bbox 1176 795 1304 837; x_wconf 89' lang='lat' dir='ltr'><strong>clerici</strong></span> <span class='ocrx_word' id='word_1_55' title='bbox 1325 796 1550 837; x_wconf 80' lang='lat' dir='ltr'><strong>osculentur</strong></span> <span class='ocrx_word' id='word_1_56' title='bbox 1570 797 1721 851; x_wconf 89' lang='lat' dir='ltr'><strong>episco-</strong></span> 
     </span>
     <span class='ocr_line' id='line_1_8' title="bbox 472 860 1722 911; baseline 0.001 -9"><span class='ocrx_word' id='word_1_57' title='bbox 472 861 544 902; x_wconf 86' lang='lat' dir='ltr'><strong>viri</strong></span> <span class='ocrx_word' id='word_1_58' title='bbox 572 860 705 911; x_wconf 85' lang='lat' dir='ltr'><strong>laicos,</strong></span> <span class='ocrx_word' id='word_1_59' title='bbox 734 860 903 902; x_wconf 86' lang='lat' dir='ltr'><strong>feminae</strong></span> <span class='ocrx_word' id='word_1_60' title='bbox 924 860 1099 902; x_wconf 80' lang='lat' dir='ltr'><strong>feminas.</strong></span> <span class='ocrx_word' id='word_1_61' title='bbox 1153 874 1211 902; x_wconf 91' lang='lat'><strong>10.</strong></span> <span class='ocrx_word' id='word_1_62' title='bbox 1242 861 1356 902; x_wconf 90' lang='lat' dir='ltr'><strong>Pueri</strong></span> <span class='ocrx_word' id='word_1_63' title='bbox 1386 868 1515 902; x_wconf 88' lang='lat' dir='ltr'><strong>autem</strong></span> <span class='ocrx_word' id='word_1_64' title='bbox 1545 869 1651 903; x_wconf 88' lang='lat' dir='ltr'><strong>stent</strong></span> <span class='ocrx_word' id='word_1_65' title='bbox 1673 860 1722 903; x_wconf 84' lang='lat' dir='ltr'><strong>ad</strong></span> 
     </span>
     <span class='ocr_line' id='line_1_9' title="bbox 452 925 1721 981; baseline 0 -14"><span class='ocrx_word' id='word_1_66' title='bbox 452 940 475 976; x_wconf 84' lang='grc' dir='ltr'><strong>ι,</strong></span> <span class='ocrx_word' id='word_1_67' title='bbox 502 939 548 967; x_wconf 90' lang='lat' dir='ltr'><strong>ac</strong></span> <span class='ocrx_word' id='word_1_68' title='bbox 567 925 756 967; x_wconf 86' lang='lat' dir='ltr'><strong>diaconus</strong></span> <span class='ocrx_word' id='word_1_69' title='bbox 775 925 870 967; x_wconf 85' lang='lat' dir='ltr'><strong>alius</strong></span> <span class='ocrx_word' id='word_1_70' title='bbox 889 926 982 980; x_wconf 88' lang='lat' dir='ltr'><strong>ipsis</strong></span> <span class='ocrx_word' id='word_1_71' title='bbox 1003 926 1156 981; x_wconf 82' lang='lat' dir='ltr'><strong>praesit,</strong></span> <span class='ocrx_word' id='word_1_72' title='bbox 1186 940 1237 967; x_wconf 90' lang='lat' dir='ltr'><strong>ne</strong></span> <span class='ocrx_word' id='word_1_73' title='bbox 1257 926 1477 967; x_wconf 88' lang='lat' dir='ltr'><strong>inordinate</strong></span> <span class='ocrx_word' id='word_1_74' title='bbox 1495 940 1537 967; x_wconf 92' lang='lat' dir='ltr'><strong>se</strong></span> <span class='ocrx_word' id='word_1_75' title='bbox 1565 933 1721 980; x_wconf 87' lang='lat' dir='ltr'><strong>gerant;</strong></span> 
     </span>
     <span class='ocr_line' id='line_1_10' title="bbox 453 989 1720 1045; baseline 0.001 -14"><span class='ocrx_word' id='word_1_76' title='bbox 453 991 559 1031; x_wconf 63' lang='lat' dir='ltr'><strong>iconi</strong></span> <span class='ocrx_word' id='word_1_77' title='bbox 596 989 847 1032; x_wconf 82' lang='lat' dir='ltr'><strong>deambulent</strong></span> <span class='ocrx_word' id='word_1_78' title='bbox 891 991 1172 1045; x_wconf 88' lang='lat' dir='ltr'><strong>inspiciantque</strong></span> <span class='ocrx_word' id='word_1_79' title='bbox 1209 992 1316 1032; x_wconf 86' lang='lat' dir='ltr'><strong>viros</strong></span> <span class='ocrx_word' id='word_1_80' title='bbox 1354 1004 1397 1032; x_wconf 87' lang='lat' dir='ltr'><strong>ac</strong></span> <span class='ocrx_word' id='word_1_81' title='bbox 1435 990 1629 1041; x_wconf 89' lang='lat' dir='ltr'><strong>mulieres,</strong></span> <span class='ocrx_word' id='word_1_82' title='bbox 1670 1005 1720 1033; x_wconf 87' lang='lat' dir='ltr'><strong>ne</strong></span> 
     </span>
     <span class='ocr_line' id='line_1_11' title="bbox 452 1054 1721 1110; baseline 0 -14"><span class='ocrx_word' id='word_1_83' title='bbox 452 1054 583 1109; x_wconf 81' lang='lat' dir='ltr'><strong>aliquis</strong></span> <span class='ocrx_word' id='word_1_84' title='bbox 616 1056 764 1096; x_wconf 88' lang='lat' dir='ltr'><strong>oriatur</strong></span> <span class='ocrx_word' id='word_1_85' title='bbox 791 1062 830 1097; x_wconf 90' lang='lat' dir='ltr'><strong>et</strong></span> <span class='ocrx_word' id='word_1_86' title='bbox 857 1069 908 1097; x_wconf 87' lang='lat' dir='ltr'><strong>ne</strong></span> <span class='ocrx_word' id='word_1_87' title='bbox 937 1056 1023 1110; x_wconf 89' lang='lat' dir='ltr'><strong>quis</strong></span> <span class='ocrx_word' id='word_1_88' title='bbox 1057 1062 1195 1097; x_wconf 89' lang='lat' dir='ltr'><strong>nutum</strong></span> <span class='ocrx_word' id='word_1_89' title='bbox 1225 1054 1336 1097; x_wconf 82' lang='lat' dir='ltr'><strong>faciat</strong></span> <span class='ocrx_word' id='word_1_90' title='bbox 1365 1055 1425 1096; x_wconf 89' lang='lat' dir='ltr'><strong>vel</strong></span> <span class='ocrx_word' id='word_1_91' title='bbox 1459 1063 1630 1097; x_wconf 88' lang='lat' dir='ltr'><strong>susurret</strong></span> <span class='ocrx_word' id='word_1_92' title='bbox 1658 1056 1721 1097; x_wconf 89' lang='lat' dir='ltr'><strong>vel</strong></span> 
     </span>
     <span class='ocr_line' id='line_1_12' title="bbox 483 1119 1721 1162; baseline 0.001 -1"><span class='ocrx_word' id='word_1_93' title='bbox 483 1132 543 1161; x_wconf 78' lang='grc' dir='ltr'><strong>ιι.</strong></span> <span class='ocrx_word' id='word_1_94' title='bbox 572 1120 741 1162; x_wconf 85' lang='lat' dir='ltr'><strong>Diaconi</strong></span> <span class='ocrx_word' id='word_1_95' title='bbox 761 1133 856 1161; x_wconf 92' lang='lat' dir='ltr'><strong>vero</strong></span> <span class='ocrx_word' id='word_1_96' title='bbox 885 1127 990 1162; x_wconf 87' lang='lat' dir='ltr'><strong>stent</strong></span> <span class='ocrx_word' id='word_1_97' title='bbox 1018 1119 1065 1162; x_wconf 89' lang='lat' dir='ltr'><strong>ad</strong></span> <span class='ocrx_word' id='word_1_98' title='bbox 1085 1120 1217 1161; x_wconf 82' lang='lat' dir='ltr'><strong>ianuas</strong></span> <span class='ocrx_word' id='word_1_99' title='bbox 1237 1121 1410 1162; x_wconf 90' lang='lat' dir='ltr'><strong>virorum</strong></span> <span class='ocrx_word' id='word_1_100' title='bbox 1430 1129 1469 1162; x_wconf 88' lang='lat' dir='ltr'><strong>et</strong></span> <span class='ocrx_word' id='word_1_101' title='bbox 1493 1120 1721 1162; x_wconf 86' lang='lat' dir='ltr'><strong>subdiaconi</strong></span> 
     </span>
     <span class='ocr_line' id='line_1_13' title="bbox 484 1184 1722 1240; baseline 0.002 -15"><span class='ocrx_word' id='word_1_102' title='bbox 484 1184 707 1235; x_wconf 86' lang='lat' dir='ltr'><strong>mulierum,</strong></span> <span class='ocrx_word' id='word_1_103' title='bbox 744 1192 788 1227; x_wconf 90' lang='lat' dir='ltr'><strong>ut</strong></span> <span class='ocrx_word' id='word_1_104' title='bbox 827 1198 949 1227; x_wconf 87' lang='lat' dir='ltr'><strong>nemo</strong></span> <span class='ocrx_word' id='word_1_105' title='bbox 985 1184 1204 1239; x_wconf 84' lang='lat' dir='ltr'><strong>egrediatur</strong></span> <span class='ocrx_word' id='word_1_106' title='bbox 1240 1199 1340 1227; x_wconf 87' lang='lat' dir='ltr'><strong>neve</strong></span> <span class='ocrx_word' id='word_1_107' title='bbox 1380 1186 1570 1240; x_wconf 85' lang='lat' dir='ltr'><strong>aperiatur</strong></span> <span class='ocrx_word' id='word_1_108' title='bbox 1609 1186 1722 1227; x_wconf 85' lang='lat' dir='ltr'><strong>ianua</strong></span> 
     </span>
     <span class='ocr_line' id='line_1_14' title="bbox 452 1248 1718 1304; baseline 0.002 -15"><span class='ocrx_word' id='word_1_109' title='bbox 452 1248 653 1300; x_wconf 77' lang='lat' dir='ltr'><strong>»blationis,</strong></span> <span class='ocrx_word' id='word_1_110' title='bbox 673 1248 762 1291; x_wconf 89' lang='lat' dir='ltr'><strong>licet</strong></span> <span class='ocrx_word' id='word_1_111' title='bbox 780 1249 959 1291; x_wconf 84' lang='lat' dir='ltr'><strong>adveniat</strong></span> <span class='ocrx_word' id='word_1_112' title='bbox 979 1251 1169 1304; x_wconf 83' lang='lat' dir='ltr'><strong>quispiam</strong></span> <span class='ocrx_word' id='word_1_113' title='bbox 1190 1249 1326 1292; x_wconf 87' lang='lat' dir='ltr'><strong>fidelis.</strong></span> <span class='ocrx_word' id='word_1_114' title='bbox 1378 1262 1436 1292; x_wconf 87' lang='lat'><strong>12.</strong></span> <span class='ocrx_word' id='word_1_115' title='bbox 1458 1251 1571 1292; x_wconf 88' lang='lat' dir='ltr'><strong>Unus</strong></span> <span class='ocrx_word' id='word_1_116' title='bbox 1589 1258 1718 1292; x_wconf 86' lang='lat' dir='ltr'><strong>autem</strong></span> 
     </span>
     <span class='ocr_line' id='line_1_15' title="bbox 452 1313 1720 1370; baseline 0.001 -15"><span class='ocrx_word' id='word_1_117' title='bbox 452 1328 491 1355; x_wconf 89' lang='lat' dir='ltr'><strong>us</strong></span> <span class='ocrx_word' id='word_1_118' title='bbox 509 1313 576 1356; x_wconf 91' lang='lat' dir='ltr'><strong>det</strong></span> <span class='ocrx_word' id='word_1_119' title='bbox 602 1313 866 1356; x_wconf 87' lang='lat' dir='ltr'><strong>sacerdotibus</strong></span> <span class='ocrx_word' id='word_1_120' title='bbox 886 1328 1026 1370; x_wconf 84' lang='lat' dir='ltr'><strong>aquam</strong></span> <span class='ocrx_word' id='word_1_121' title='bbox 1045 1314 1095 1356; x_wconf 86' lang='lat' dir='ltr'><strong>ad</strong></span> <span class='ocrx_word' id='word_1_122' title='bbox 1122 1314 1328 1357; x_wconf 85' lang='lat' dir='ltr'><strong>lavandum</strong></span> <span class='ocrx_word' id='word_1_123' title='bbox 1356 1329 1507 1365; x_wconf 86' lang='lat' dir='ltr'><strong>manus,</strong></span> <span class='ocrx_word' id='word_1_124' title='bbox 1536 1329 1635 1370; x_wconf 88' lang='lat' dir='ltr'><strong>quae</strong></span> <span class='ocrx_word' id='word_1_125' title='bbox 1659 1329 1720 1356; x_wconf 89' lang='lat' dir='ltr'><strong>res</strong></span> 
     </span>
     <span class='ocr_line' id='line_1_16' title="bbox 452 1379 1396 1433; baseline 0.002 -14"><span class='ocrx_word' id='word_1_126' title='bbox 452 1387 476 1421; x_wconf 69' lang='grc' dir='ltr'><strong>ςῐ</strong></span> <span class='ocrx_word' id='word_1_127' title='bbox 503 1379 678 1433; x_wconf 87' lang='lat' dir='ltr'><strong>puritatis</strong></span> <span class='ocrx_word' id='word_1_128' title='bbox 705 1380 923 1421; x_wconf 84' lang='lat' dir='ltr'><strong>animarum</strong></span> <span class='ocrx_word' id='word_1_129' title='bbox 952 1380 1041 1421; x_wconf 91' lang='lat' dir='ltr'><strong>Deo</strong></span> <span class='ocrx_word' id='word_1_130' title='bbox 1070 1388 1396 1421; x_wconf 83' lang='lat' dir='ltr'><strong>consecratarum.</strong></span> 
     </span>
    </p>

    <p class='ocr_par' dir='ltr' id='par_1_3' title="bbox 452 1443 1720 1823">
     <span class='ocr_line' id='line_1_17' title="bbox 469 1443 1720 1498; baseline 0.001 -13"><span class='ocrx_word' id='word_1_131' title='bbox 469 1443 596 1485; x_wconf 88' lang='lat' dir='ltr'><strong>Porro</strong></span> <span class='ocrx_word' id='word_1_132' title='bbox 633 1458 710 1498; x_wconf 85' lang='lat' dir='ltr'><strong>ego</strong></span> <span class='ocrx_word' id='word_1_133' title='bbox 749 1444 923 1495; x_wconf 84' lang='lat' dir='ltr'><strong>Iacobus,</strong></span> <span class='ocrx_word' id='word_1_134' title='bbox 965 1443 1082 1486; x_wconf 84' lang='lat' dir='ltr'><strong>frater</strong></span> <span class='ocrx_word' id='word_1_135' title='bbox 1119 1445 1277 1486; x_wconf 88' lang='lat' dir='ltr'><strong>Ioannis</strong></span> <span class='ocrx_word' id='word_1_136' title='bbox 1313 1444 1515 1495; x_wconf 83' lang='lat' dir='ltr'><strong>Zebedaei,</strong></span> <span class='ocrx_word' id='word_1_137' title='bbox 1558 1445 1634 1495; x_wconf 82' lang='lat' dir='ltr'><strong>ain,</strong></span> <span class='ocrx_word' id='word_1_138' title='bbox 1678 1452 1720 1486; x_wconf 90' lang='lat' dir='ltr'><strong>ut</strong></span> 
     </span>
     <span class='ocr_line' id='line_1_18' title="bbox 452 1508 1720 1564; baseline 0 -14"><span class='ocrx_word' id='word_1_139' title='bbox 452 1522 584 1550; x_wconf 61' lang='lat' dir='ltr'><strong>iconus</strong></span> <span class='ocrx_word' id='word_1_140' title='bbox 613 1508 732 1550; x_wconf 67' lang='lat' dir='ltr'><strong>dicati</strong></span> <span class='ocrx_word' id='word_1_141' title='bbox 782 1521 819 1550; x_wconf 89' lang='lat'><strong>2.</strong></span> <span class='ocrx_word' id='word_1_142' title='bbox 854 1510 917 1551; x_wconf 89' lang='lat' dir='ltr'><strong>Ne</strong></span> <span class='ocrx_word' id='word_1_143' title='bbox 946 1510 1031 1564; x_wconf 87' lang='lat' dir='ltr'><strong>quis</strong></span> <span class='ocrx_word' id='word_1_144' title='bbox 1061 1524 1108 1551; x_wconf 87' lang='lat' dir='ltr'><strong>ex</strong></span> <span class='ocrx_word' id='word_1_145' title='bbox 1137 1511 1439 1560; x_wconf 83' lang='lat' dir='ltr'><strong>catechumenis,</strong></span> <span class='ocrx_word' id='word_1_146' title='bbox 1474 1523 1525 1550; x_wconf 91' lang='lat' dir='ltr'><strong>ne</strong></span> <span class='ocrx_word' id='word_1_147' title='bbox 1559 1510 1644 1564; x_wconf 89' lang='lat' dir='ltr'><strong>quis</strong></span> <span class='ocrx_word' id='word_1_148' title='bbox 1674 1524 1720 1550; x_wconf 85' lang='lat' dir='ltr'><strong>ex</strong></span> 
     </span>
     <span class='ocr_line' id='line_1_19' title="bbox 452 1573 1719 1630; baseline 0.001 -16"><span class='ocrx_word' id='word_1_149' title='bbox 452 1587 489 1624; x_wconf 57' lang='lat' dir='ltr'><strong>is,</strong></span> <span class='ocrx_word' id='word_1_150' title='bbox 523 1588 574 1615; x_wconf 88' lang='lat' dir='ltr'><strong>ue</strong></span> <span class='ocrx_word' id='word_1_151' title='bbox 602 1574 689 1628; x_wconf 87' lang='lat' dir='ltr'><strong>quis</strong></span> <span class='ocrx_word' id='word_1_152' title='bbox 717 1588 765 1615; x_wconf 85' lang='lat' dir='ltr'><strong>ex</strong></span> <span class='ocrx_word' id='word_1_153' title='bbox 797 1573 1029 1624; x_wconf 87' lang='lat' dir='ltr'><strong>infidelibus,</strong></span> <span class='ocrx_word' id='word_1_154' title='bbox 1064 1588 1114 1616; x_wconf 90' lang='lat' dir='ltr'><strong>ne</strong></span> <span class='ocrx_word' id='word_1_155' title='bbox 1152 1576 1237 1630; x_wconf 90' lang='lat' dir='ltr'><strong>quis</strong></span> <span class='ocrx_word' id='word_1_156' title='bbox 1267 1589 1314 1616; x_wconf 86' lang='lat' dir='ltr'><strong>ex</strong></span> <span class='ocrx_word' id='word_1_157' title='bbox 1350 1573 1621 1624; x_wconf 88' lang='lat' dir='ltr'><strong>heterodoxis;</strong></span> <span class='ocrx_word' id='word_1_158' title='bbox 1654 1574 1719 1629; x_wconf 91' lang='lat' dir='ltr'><strong>qui</strong></span> 
     </span>
     <span class='ocr_line' id='line_1_20' title="bbox 452 1638 1719 1693; baseline 0 -14"><span class='ocrx_word' id='word_1_159' title='bbox 452 1639 704 1680; x_wconf 81' lang='lat' dir='ltr'><strong>›recationem</strong></span> <span class='ocrx_word' id='word_1_160' title='bbox 734 1638 891 1689; x_wconf 87' lang='lat' dir='ltr'><strong>fecistis,</strong></span> <span class='ocrx_word' id='word_1_161' title='bbox 925 1638 1115 1690; x_wconf 88' lang='lat' dir='ltr'><strong>accedite;</strong></span> <span class='ocrx_word' id='word_1_162' title='bbox 1149 1647 1304 1689; x_wconf 88' lang='lat' dir='ltr'><strong>matres,</strong></span> <span class='ocrx_word' id='word_1_163' title='bbox 1340 1639 1523 1680; x_wconf 89' lang='lat' dir='ltr'><strong>assumite</strong></span> <span class='ocrx_word' id='word_1_164' title='bbox 1557 1652 1719 1693; x_wconf 90' lang='lat' dir='ltr'><strong>pueros;</strong></span> 
     </span>
     <span class='ocr_line' id='line_1_21' title="bbox 452 1703 1718 1759; baseline 0 -15"><span class='ocrx_word' id='word_1_165' title='bbox 452 1711 550 1746; x_wconf 78' lang='lat' dir='ltr'><strong>»ntra</strong></span> <span class='ocrx_word' id='word_1_166' title='bbox 578 1704 761 1758; x_wconf 88' lang='lat' dir='ltr'><strong>aliquem,</strong></span> <span class='ocrx_word' id='word_1_167' title='bbox 790 1718 841 1746; x_wconf 88' lang='lat' dir='ltr'><strong>ne</strong></span> <span class='ocrx_word' id='word_1_168' title='bbox 860 1704 945 1759; x_wconf 88' lang='lat' dir='ltr'><strong>quis</strong></span> <span class='ocrx_word' id='word_1_169' title='bbox 974 1705 1013 1746; x_wconf 88' lang='lat' dir='ltr'><strong>in</strong></span> <span class='ocrx_word' id='word_1_170' title='bbox 1039 1704 1255 1759; x_wconf 83' lang='lat' dir='ltr'><strong>hypocrisi3</strong></span> <span class='ocrx_word' id='word_1_171' title='bbox 1285 1704 1403 1746; x_wconf 89' lang='lat' dir='ltr'><strong>erecti</strong></span> <span class='ocrx_word' id='word_1_172' title='bbox 1432 1703 1479 1744; x_wconf 87' lang='lat' dir='ltr'><strong>ad</strong></span> <span class='ocrx_word' id='word_1_173' title='bbox 1498 1704 1718 1744; x_wconf 88' lang='lat' dir='ltr'><strong>Dominum</strong></span> 
     </span>
     <span class='ocr_line' id='line_1_22' title="bbox 452 1768 1719 1823; baseline -0.001 -13"><span class='ocrx_word' id='word_1_174' title='bbox 452 1782 486 1810; x_wconf 70' lang='lat' dir='ltr'><strong>re</strong></span> <span class='ocrx_word' id='word_1_175' title='bbox 505 1782 552 1810; x_wconf 86' lang='lat' dir='ltr'><strong>ac</strong></span> <span class='ocrx_word' id='word_1_176' title='bbox 579 1776 754 1810; x_wconf 89' lang='lat' dir='ltr'><strong>tremore</strong></span> <span class='ocrx_word' id='word_1_177' title='bbox 772 1776 920 1811; x_wconf 89' lang='lat' dir='ltr'><strong>stemus</strong></span> <span class='ocrx_word' id='word_1_178' title='bbox 939 1768 987 1810; x_wconf 86' lang='lat' dir='ltr'><strong>ad</strong></span> <span class='ocrx_word' id='word_1_179' title='bbox 1008 1768 1267 1810; x_wconf 86' lang='lat' dir='ltr'><strong>offerendum.</strong></span> <span class='ocrx_word' id='word_1_180' title='bbox 1318 1782 1351 1822; x_wconf 87' lang='lat'><strong>3.</strong></span> <span class='ocrx_word' id='word_1_181' title='bbox 1382 1768 1536 1819; x_wconf 87' lang='lat' dir='ltr'><strong>Quibus</strong></span> <span class='ocrx_word' id='word_1_182' title='bbox 1556 1769 1719 1823; x_wconf 84' lang='lat' dir='ltr'><strong>peractis</strong></span> 
     </span>
    </p>
   </div>
   <div class='ocr_carea' id='block_1_3' title="bbox 452 1962 942 2493">
    <p class='ocr_par' dir='ltr' id='par_1_4' title="bbox 452 1962 942 2493">
     <span class='ocr_line' id='line_1_23' title="bbox 453 1962 942 2007; baseline 0 -12"><span class='ocrx_word' id='word_1_183' title='bbox 453 1965 549 2007; x_wconf 77' lang='lat' dir='ltr'><strong>isque</strong></span> <span class='ocrx_word' id='word_1_184' title='bbox 584 1962 749 1996; x_wconf 86' lang='lat' dir='ltr'><strong>nonnullis</strong></span> <span class='ocrx_word' id='word_1_185' title='bbox 785 1962 942 1996; x_wconf 85' lang='lat' dir='ltr'><strong>similibus</strong></span> 
     </span>
     <span class='ocr_line' id='line_1_24' title="bbox 453 2017 942 2060; baseline 0 -10"><span class='ocrx_word' id='word_1_186' title='bbox 453 2028 471 2050; x_wconf 87' lang='lat' dir='ltr'><strong>s</strong></span> <span class='ocrx_word' id='word_1_187' title='bbox 487 2017 625 2050; x_wconf 86' lang='lat' dir='ltr'><strong>traditus</strong></span> <span class='ocrx_word' id='word_1_188' title='bbox 643 2022 703 2057; x_wconf 86' lang='lat' dir='ltr'><strong>est,</strong></span> <span class='ocrx_word' id='word_1_189' title='bbox 728 2022 762 2050; x_wconf 91' lang='lat' dir='ltr'><strong>ut</strong></span> <span class='ocrx_word' id='word_1_190' title='bbox 777 2022 852 2060; x_wconf 87' lang='lat' dir='ltr'><strong>post</strong></span> <span class='ocrx_word' id='word_1_191' title='bbox 869 2027 942 2050; x_wconf 89' lang='lat' dir='ltr'><strong>ora-</strong></span> 
     </span>
     <span class='ocr_line' id='line_1_25' title="bbox 452 2070 942 2115; baseline -0.002 -10"><span class='ocrx_word' id='word_1_192' title='bbox 452 2070 484 2105; x_wconf 92' lang='lat' dir='ltr'><strong>lo</strong></span> <span class='ocrx_word' id='word_1_193' title='bbox 520 2081 556 2104; x_wconf 90' lang='lat' dir='ltr'><strong>se</strong></span> <span class='ocrx_word' id='word_1_194' title='bbox 589 2071 731 2104; x_wconf 85' lang='lat' dir='ltr'><strong>invicem</strong></span> <span class='ocrx_word' id='word_1_195' title='bbox 766 2070 942 2115; x_wconf 84' lang='lat' dir='ltr'><strong>suscipiant</strong></span> 
     </span>
     <span class='ocr_line' id='line_1_26' title="bbox 474 2125 941 2170; baseline 0 -11"><span class='ocrx_word' id='word_1_196' title='bbox 474 2125 590 2169; x_wconf 82' lang='lat' dir='ltr'><strong>Cyrill.</strong></span> <span class='ocrx_word' id='word_1_197' title='bbox 621 2125 710 2158; x_wconf 83' lang='lat' dir='ltr'><strong>Hier.</strong></span> <span class='ocrx_word' id='word_1_198' title='bbox 740 2125 813 2158; x_wconf 87' lang='lat' dir='ltr'><strong>Cat.</strong></span> <span class='ocrx_word' id='word_1_199' title='bbox 842 2130 941 2170; x_wconf 86' lang='lat' dir='ltr'><strong>myst.</strong></span> 
     </span>
     <span class='ocr_line' id='line_1_27' title="bbox 452 2178 940 2223; baseline 0 -11"><span class='ocrx_word' id='word_1_200' title='bbox 452 2184 512 2212; x_wconf 85' lang='lat' dir='ltr'><strong>ost.</strong></span> <span class='ocrx_word' id='word_1_201' title='bbox 530 2180 583 2212; x_wconf 91' lang='lat' dir='ltr'><strong>De</strong></span> <span class='ocrx_word' id='word_1_202' title='bbox 599 2179 715 2223; x_wconf 84' lang='lat' dir='ltr'><strong>prodit.</strong></span> <span class='ocrx_word' id='word_1_203' title='bbox 733 2178 831 2212; x_wconf 87' lang='lat' dir='ltr'><strong>Iudae</strong></span> <span class='ocrx_word' id='word_1_204' title='bbox 849 2179 940 2212; x_wconf 87' lang='lat' dir='ltr'><strong>hom.</strong></span> 
     </span>
     <span class='ocr_line' id='line_1_28' title="bbox 453 2233 940 2277; baseline -0.004 -8"><span class='ocrx_word' id='word_1_205' title='bbox 453 2247 455 2269; x_wconf 80' lang='grc'>;</span> <span class='ocrx_word' id='word_1_206' title='bbox 489 2233 702 2277; x_wconf 85' lang='lat' dir='ltr'><strong>Ps.-Dionys.</strong></span> <span class='ocrx_word' id='word_1_207' title='bbox 737 2233 789 2266; x_wconf 92' lang='lat' dir='ltr'><strong>De</strong></span> <span class='ocrx_word' id='word_1_208' title='bbox 823 2233 940 2267; x_wconf 85' lang='lat' dir='ltr'><strong>eccles.</strong></span> 
     </span>
     <span class='ocr_line' id='line_1_29' title="bbox 464 2286 940 2331; baseline 0 -11"><span class='ocrx_word' id='word_1_209' title='bbox 464 2297 492 2330; x_wconf 87' lang='lat'><strong>3,</strong></span> <span class='ocrx_word' id='word_1_210' title='bbox 517 2296 547 2320; x_wconf 88' lang='lat'><strong>2.</strong></span> <span class='ocrx_word' id='word_1_211' title='bbox 592 2286 688 2320; x_wconf 72' lang='lat' dir='ltr'><strong>Alios</strong></span> <span class='ocrx_word' id='word_1_212' title='bbox 716 2287 808 2321; x_wconf 87' lang='lat' dir='ltr'><strong>locos</strong></span> <span class='ocrx_word' id='word_1_213' title='bbox 838 2287 940 2331; x_wconf 82' lang='lat' dir='ltr'><strong>paral-</strong></span> 
     </span>
     <span class='ocr_line' id='line_1_30' title="bbox 452 2341 942 2386; baseline -0.002 -11"><span class='ocrx_word' id='word_1_214' title='bbox 452 2348 472 2375; x_wconf 79' lang='lat' dir='ltr'><strong>et</strong></span> <span class='ocrx_word' id='word_1_215' title='bbox 502 2342 620 2375; x_wconf 83' lang='lat' dir='ltr'><strong>Probst</strong></span> <span class='ocrx_word' id='word_1_216' title='bbox 649 2341 670 2375; x_wconf 88' lang='lat'><strong>1.</strong></span> <span class='ocrx_word' id='word_1_217' title='bbox 700 2352 727 2375; x_wconf 80' lang='lat' dir='ltr'><strong>c.</strong></span> <span class='ocrx_word' id='word_1_218' title='bbox 773 2341 874 2386; x_wconf 86' lang='lat' dir='ltr'><strong>Supra</strong></span> <span class='ocrx_word' id='word_1_219' title='bbox 903 2342 942 2381; x_wconf 91' lang='lat'><strong>11,</strong></span> 
     </span>
     <span class='ocr_line' id='line_1_31' title="bbox 455 2395 942 2440; baseline 0 -11"><span class='ocrx_word' id='word_1_220' title='bbox 455 2407 513 2429; x_wconf 91' lang='lat' dir='ltr'><strong>um</strong></span> <span class='ocrx_word' id='word_1_221' title='bbox 535 2396 637 2440; x_wconf 83' lang='lat' dir='ltr'><strong>pacis,</strong></span> <span class='ocrx_word' id='word_1_222' title='bbox 660 2395 744 2428; x_wconf 88' lang='lat' dir='ltr'><strong>haud</strong></span> <span class='ocrx_word' id='word_1_223' title='bbox 767 2395 862 2429; x_wconf 89' lang='lat' dir='ltr'><strong>dubie</strong></span> <span class='ocrx_word' id='word_1_224' title='bbox 884 2407 942 2439; x_wconf 87' lang='lat' dir='ltr'><strong>per</strong></span> 
     </span>
     <span class='ocr_line' id='line_1_32' title="bbox 452 2448 942 2493; baseline 0 -11"><span class='ocrx_word' id='word_1_225' title='bbox 452 2461 483 2491; x_wconf 89' lang='lat' dir='ltr'><strong>n,</strong></span> <span class='ocrx_word' id='word_1_226' title='bbox 513 2449 656 2483; x_wconf 85' lang='lat' dir='ltr'><strong>orationi</strong></span> <span class='ocrx_word' id='word_1_227' title='bbox 683 2448 825 2483; x_wconf 84' lang='lat' dir='ltr'><strong>fidelium</strong></span> <span class='ocrx_word' id='word_1_228' title='bbox 849 2460 942 2493; x_wconf 89' lang='lat' dir='ltr'><strong>prae-</strong></span> 
     </span>
    </p>
   </div>
   <div class='ocr_carea' id='block_1_4' title="bbox 452 2567 942 2657">
    <p class='ocr_par' dir='ltr' id='par_1_5' title="bbox 452 2567 942 2657">
     <span class='ocr_line' id='line_1_33' title="bbox 452 2567 942 2657; baseline 0 -11"><span class='ocrx_word' id='word_1_229' title='bbox 452 2567 693 2657; x_wconf 45' lang='lat' dir='ltr'><strong>bssgl&#39;atlziiyst.</strong></span> <span class='ocrx_word' id='word_1_230' title='bbox 711 2611 752 2651; x_wconf 89' lang='lat' dir='ltr'><strong>V,</strong></span> <span class='ocrx_word' id='word_1_231' title='bbox 771 2621 805 2646; x_wconf 88' lang='lat'><strong>2:</strong></span> <span class='ocrx_word' id='word_1_232' title='bbox 830 2610 942 2654; x_wconf 74' lang='grc' dir='ltr'>ἑωρά-</span> 
     </span>
    </p>
   </div>
   <div class='ocr_carea' id='block_1_5' title="bbox 452 2663 941 2817">
    <p class='ocr_par' dir='ltr' id='par_1_6' title="bbox 452 2663 941 2817">
     <span class='ocr_line' id='line_1_34' title="bbox 464 2663 941 2706; baseline -0.002 -5"><span class='ocrx_word' id='word_1_233' title='bbox 464 2664 529 2701; x_wconf 80' lang='grc' dir='ltr'><strong>τὸν</strong></span> <span class='ocrx_word' id='word_1_234' title='bbox 546 2663 720 2700; x_wconf 76' lang='grc' dir='ltr'><strong>διάκονον</strong></span> <span class='ocrx_word' id='word_1_235' title='bbox 734 2664 796 2700; x_wconf 80' lang='grc' dir='ltr'><strong>τὸν</strong></span> <span class='ocrx_word' id='word_1_236' title='bbox 814 2667 941 2706; x_wconf 79' lang='grc' dir='ltr'><em>νίψασ·</em></span> 
     </span>
     <span class='ocr_line' id='line_1_35' title="bbox 452 2720 940 2766; baseline 0.004 -14"><span class='ocrx_word' id='word_1_237' title='bbox 452 2734 456 2752; x_wconf 69' lang='grc' dir='ltr'><em>τ</em></span> <span class='ocrx_word' id='word_1_238' title='bbox 479 2724 532 2766; x_wconf 79' lang='grc' dir='ltr'><strong>τῷ</strong></span> <span class='ocrx_word' id='word_1_239' title='bbox 556 2720 654 2763; x_wconf 70' lang='grc' dir='ltr'><em>ἱερεῖ</em></span> <span class='ocrx_word' id='word_1_240' title='bbox 678 2723 751 2754; x_wconf 77' lang='grc' dir='ltr'><strong>κτλ.</strong></span> <span class='ocrx_word' id='word_1_241' title='bbox 796 2720 848 2754; x_wconf 90' lang='lat' dir='ltr'><strong>Cs.</strong></span> <span class='ocrx_word' id='word_1_242' title='bbox 873 2721 940 2754; x_wconf 76' lang='lat' dir='ltr'><strong>ps,-</strong></span> 
     </span>
     <span class='ocr_line' id='line_1_36' title="bbox 485 2774 940 2817; baseline -0.002 -9"><span class='ocrx_word' id='word_1_243' title='bbox 485 2775 566 2808; x_wconf 87' lang='lat' dir='ltr'><strong>eccl.</strong></span> <span class='ocrx_word' id='word_1_244' title='bbox 600 2774 757 2808; x_wconf 87' lang='lat' dir='ltr'><strong>hierarch.</strong></span> <span class='ocrx_word' id='word_1_245' title='bbox 787 2785 814 2808; x_wconf 87' lang='lat' dir='ltr'><strong>c.</strong></span> <span class='ocrx_word' id='word_1_246' title='bbox 847 2785 874 2817; x_wconf 83' lang='lat'><strong>3,</strong></span> <span class='ocrx_word' id='word_1_247' title='bbox 905 2784 923 2807; x_wconf 87' lang='lat'>2</span> <span class='ocrx_word' id='word_1_248' title='bbox 932 2786 940 2815; x_wconf 92' lang='grc'><strong>;</strong></span> 
     </span>
    </p>
   </div>
   <div class='ocr_carea' id='block_1_6' title="bbox 452 2879 939 2925">
    <p class='ocr_par' dir='ltr' id='par_1_7' title="bbox 452 2879 939 2925">
     <span class='ocr_line' id='line_1_37' title="bbox 452 2879 939 2925; baseline -0.002 -8"><span class='ocrx_word' id='word_1_249' title='bbox 452 2886 530 2924; x_wconf 77' lang='grc' dir='ltr'><strong>αξις</strong></span> <span class='ocrx_word' id='word_1_250' title='bbox 553 2879 729 2925; x_wconf 67' lang='grc' dir='ltr'><strong><em>Ἰακώβου</em></strong></span> <span class='ocrx_word' id='word_1_251' title='bbox 752 2885 813 2917; x_wconf 86' lang='grc' dir='ltr'><strong>τοῦ</strong></span> <span class='ocrx_word' id='word_1_252' title='bbox 836 2879 939 2917; x_wconf 75' lang='grc' dir='ltr'><strong><em>ἀδελ-</em></strong></span> 
     </span>
    </p>
   </div>
   <div class='ocr_carea' id='block_1_7' title="bbox 1007 1960 1720 2925">
    <p class='ocr_par' dir='ltr' id='par_1_8' title="bbox 1007 1960 1719 2274">
     <span class='ocr_line' id='line_1_38' title="bbox 1008 1960 1719 2006; baseline -0.001 -10"><span class='ocrx_word' id='word_1_253' title='bbox 1008 1966 1079 2004; x_wconf 83' lang='grc' dir='ltr'><strong>φοῦ</strong></span> <span class='ocrx_word' id='word_1_254' title='bbox 1103 1960 1264 1996; x_wconf 75' lang='grc' dir='ltr'><strong><em>Ἰωάννου</em></strong></span> <span class='ocrx_word' id='word_1_255' title='bbox 1287 1966 1349 1998; x_wconf 82' lang='grc' dir='ltr'><strong>τοῦ</strong></span> <span class='ocrx_word' id='word_1_256' title='bbox 1373 1965 1583 2006; x_wconf 78' lang='grc' dir='ltr'><strong><em>Ζεβεδαίου.</em></strong></span> <span class='ocrx_word' id='word_1_257' title='bbox 1629 1962 1719 1996; x_wconf 86' lang='lat' dir='ltr'><strong>Con-</strong></span> 
     </span>
     <span class='ocr_line' id='line_1_39' title="bbox 1008 2017 1718 2051; baseline 0 -1"><span class='ocrx_word' id='word_1_258' title='bbox 1008 2017 1134 2050; x_wconf 79' lang='lat' dir='ltr'><strong>stitutio</strong></span> <span class='ocrx_word' id='word_1_259' title='bbox 1156 2017 1264 2050; x_wconf 83' lang='lat' dir='ltr'><strong>Iacobi</strong></span> <span class='ocrx_word' id='word_1_260' title='bbox 1281 2017 1385 2050; x_wconf 80' lang='lat' dir='ltr'><strong>fratris</strong></span> <span class='ocrx_word' id='word_1_261' title='bbox 1405 2017 1535 2051; x_wconf 83' lang='lat' dir='ltr'><strong>Ioannis</strong></span> <span class='ocrx_word' id='word_1_262' title='bbox 1551 2017 1718 2050; x_wconf 84' lang='lat' dir='ltr'><strong>Zebedaei.</strong></span> 
     </span>
     <span class='ocr_line' id='line_1_40' title="bbox 1008 2071 1718 2115; baseline 0 -11"><span class='ocrx_word' id='word_1_263' title='bbox 1008 2090 1046 2094; x_wconf 91' lang='lat'>—</span> <span class='ocrx_word' id='word_1_264' title='bbox 1082 2071 1251 2115; x_wconf 87' lang='lat' dir='ltr'><strong>Inscriptio</strong></span> <span class='ocrx_word' id='word_1_265' title='bbox 1287 2071 1434 2104; x_wconf 88' lang='lat' dir='ltr'><strong>Turriani</strong></span> <span class='ocrx_word' id='word_1_266' title='bbox 1473 2081 1546 2105; x_wconf 88' lang='lat' dir='ltr'><strong>esse</strong></span> <span class='ocrx_word' id='word_1_267' title='bbox 1584 2071 1718 2105; x_wconf 87' lang='lat' dir='ltr'><strong>videtur.</strong></span> 
     </span>
     <span class='ocr_line' id='line_1_41' title="bbox 1009 2125 1719 2169; baseline -0.001 -10"><span class='ocrx_word' id='word_1_268' title='bbox 1009 2125 1114 2159; x_wconf 89' lang='lat' dir='ltr'><strong>Codd.</strong></span> <span class='ocrx_word' id='word_1_269' title='bbox 1137 2136 1156 2158; x_wconf 87' lang='lat' dir='ltr'><strong>a</strong></span> <span class='ocrx_word' id='word_1_270' title='bbox 1181 2131 1212 2158; x_wconf 87' lang='lat' dir='ltr'><strong>et</strong></span> <span class='ocrx_word' id='word_1_271' title='bbox 1235 2125 1256 2158; x_wconf 85' lang='lat' dir='ltr'><strong>d</strong></span> <span class='ocrx_word' id='word_1_272' title='bbox 1279 2126 1376 2158; x_wconf 86' lang='lat' dir='ltr'><strong>verba</strong></span> <span class='ocrx_word' id='word_1_273' title='bbox 1394 2125 1508 2169; x_wconf 83' lang='lat' dir='ltr'><strong>capitis</strong></span> <span class='ocrx_word' id='word_1_274' title='bbox 1525 2126 1631 2169; x_wconf 85' lang='lat' dir='ltr'><strong>priora</strong></span> <span class='ocrx_word' id='word_1_275' title='bbox 1648 2131 1719 2159; x_wconf 83' lang='lat' dir='ltr'><strong>tan-</strong></span> 
     </span>
     <span class='ocr_line' id='line_1_42' title="bbox 1009 2179 1718 2223; baseline 0 -11"><span class='ocrx_word' id='word_1_276' title='bbox 1009 2190 1105 2223; x_wconf 85' lang='lat' dir='ltr'><strong>quam</strong></span> <span class='ocrx_word' id='word_1_277' title='bbox 1129 2179 1374 2223; x_wconf 81' lang='lat' dir='ltr'><strong>inscriptionem</strong></span> <span class='ocrx_word' id='word_1_278' title='bbox 1397 2180 1533 2220; x_wconf 86' lang='lat' dir='ltr'><strong>habem;</strong></span> <span class='ocrx_word' id='word_1_279' title='bbox 1564 2191 1583 2212; x_wconf 92' lang='lat' dir='ltr'>v</span> <span class='ocrx_word' id='word_1_280' title='bbox 1606 2185 1718 2212; x_wconf 85' lang='lat' dir='ltr'><strong>notam</strong></span> 
     </span>
     <span class='ocr_line' id='line_1_43' title="bbox 1007 2232 1604 2274; baseline 0 -8"><span class='ocrx_word' id='word_1_281' title='bbox 1007 2233 1049 2266; x_wconf 89' lang='lat' dir='ltr'><strong>de</strong></span> <span class='ocrx_word' id='word_1_282' title='bbox 1073 2234 1137 2266; x_wconf 87' lang='lat' dir='ltr'><strong>vita</strong></span> <span class='ocrx_word' id='word_1_283' title='bbox 1161 2234 1270 2266; x_wconf 84' lang='lat' dir='ltr'><strong>Iacobi</strong></span> <span class='ocrx_word' id='word_1_284' title='bbox 1294 2233 1433 2274; x_wconf 74' lang='lat' dir='ltr'><strong>exhibet,</strong></span> <span class='ocrx_word' id='word_1_285' title='bbox 1458 2232 1498 2267; x_wconf 84' lang='lat' dir='ltr'><strong>cf.</strong></span> <span class='ocrx_word' id='word_1_286' title='bbox 1523 2244 1550 2266; x_wconf 89' lang='lat' dir='ltr'><strong>c.</strong></span> <span class='ocrx_word' id='word_1_287' title='bbox 1574 2242 1604 2274; x_wconf 81' lang='lat'><strong>4.</strong></span> 
     </span>
    </p>

    <p class='ocr_par' dir='ltr' id='par_1_9' title="bbox 1008 2284 1719 2709">
     <span class='ocr_line' id='line_1_44' title="bbox 1053 2284 1718 2330; baseline -0.003 -9"><span class='ocrx_word' id='word_1_288' title='bbox 1053 2296 1081 2321; x_wconf 92' lang='lat'><strong>2.</strong></span> <span class='ocrx_word' id='word_1_289' title='bbox 1099 2287 1133 2321; x_wconf 80' lang='grc' dir='ltr'><strong>οὶ</strong></span> <span class='ocrx_word' id='word_1_290' title='bbox 1149 2285 1213 2329; x_wconf 81' lang='grc' dir='ltr'><strong>τὴν</strong></span> <span class='ocrx_word' id='word_1_291' title='bbox 1229 2285 1374 2330; x_wconf 78' lang='grc' dir='ltr'><em>πρώτην</em></span> <span class='ocrx_word' id='word_1_292' title='bbox 1390 2285 1497 2330; x_wconf 74' lang='grc' dir='ltr'><em>εὐχὴν</em></span> <span class='ocrx_word' id='word_1_293' title='bbox 1514 2284 1718 2329; x_wconf 78' lang='grc' dir='ltr'><strong><em>εὐχόμενοι]</em></strong></span> 
     </span>
     <span class='ocr_line' id='line_1_45' title="bbox 1008 2341 1719 2385; baseline -0.001 -11"><span class='ocrx_word' id='word_1_294' title='bbox 1008 2347 1082 2374; x_wconf 82' lang='lat' dir='ltr'><strong>sunt</strong></span> <span class='ocrx_word' id='word_1_295' title='bbox 1105 2341 1227 2381; x_wconf 83' lang='lat' dir='ltr'><strong>fideles,</strong></span> <span class='ocrx_word' id='word_1_296' title='bbox 1252 2347 1285 2375; x_wconf 88' lang='lat' dir='ltr'><strong>ut</strong></span> <span class='ocrx_word' id='word_1_297' title='bbox 1309 2352 1371 2374; x_wconf 78' lang='lat' dir='ltr'><strong>vox</strong></span> <span class='ocrx_word' id='word_1_298' title='bbox 1388 2351 1528 2385; x_wconf 89' lang='lat' dir='ltr'><strong>sequeus</strong></span> <span class='ocrx_word' id='word_1_299' title='bbox 1545 2341 1663 2373; x_wconf 85' lang='lat' dir='ltr'><strong>indicat</strong></span> <span class='ocrx_word' id='word_1_300' title='bbox 1687 2347 1719 2373; x_wconf 86' lang='lat' dir='ltr'><strong>et</strong></span> 
     </span>
     <span class='ocr_line' id='line_1_46' title="bbox 1009 2394 1719 2439; baseline -0.001 -11"><span class='ocrx_word' id='word_1_301' title='bbox 1009 2406 1026 2428; x_wconf 91' lang='lat' dir='ltr'><strong>e</strong></span> <span class='ocrx_word' id='word_1_302' title='bbox 1050 2396 1155 2439; x_wconf 87' lang='lat' dir='ltr'><strong>capite</strong></span> <span class='ocrx_word' id='word_1_303' title='bbox 1182 2394 1230 2438; x_wconf 89' lang='lat'><strong>36,</strong></span> <span class='ocrx_word' id='word_1_304' title='bbox 1257 2405 1267 2428; x_wconf 87' lang='lat'><strong>1</strong></span> <span class='ocrx_word' id='word_1_305' title='bbox 1297 2401 1440 2439; x_wconf 85' lang='lat' dir='ltr'><strong>apparet.</strong></span> <span class='ocrx_word' id='word_1_306' title='bbox 1485 2395 1593 2427; x_wconf 85' lang='lat' dir='ltr'><strong>Prima</strong></span> <span class='ocrx_word' id='word_1_307' title='bbox 1615 2395 1719 2427; x_wconf 82' lang='lat' dir='ltr'><strong>oratio</strong></span> 
     </span>
     <span class='ocr_line' id='line_1_47' title="bbox 1008 2449 1718 2483; baseline -0.001 -1"><span class='ocrx_word' id='word_1_308' title='bbox 1008 2456 1116 2483; x_wconf 83' lang='lat' dir='ltr'><strong>autem</strong></span> <span class='ocrx_word' id='word_1_309' title='bbox 1146 2456 1195 2483; x_wconf 89' lang='lat' dir='ltr'><strong>est</strong></span> <span class='ocrx_word' id='word_1_310' title='bbox 1225 2450 1331 2483; x_wconf 78' lang='lat' dir='ltr'><strong>oratio</strong></span> <span class='ocrx_word' id='word_1_311' title='bbox 1361 2449 1504 2482; x_wconf 85' lang='lat' dir='ltr'><strong>fidelium</strong></span> <span class='ocrx_word' id='word_1_312' title='bbox 1528 2459 1556 2481; x_wconf 94' lang='lat' dir='ltr'><strong>c.</strong></span> <span class='ocrx_word' id='word_1_313' title='bbox 1585 2458 1718 2482; x_wconf 87' lang='lat'>10—11.</span> 
     </span>
     <span class='ocr_line' id='line_1_48' title="bbox 1008 2497 1717 2547; baseline -0.003 -10"><span class='ocrx_word' id='word_1_314' title='bbox 1008 2521 1048 2528; x_wconf 93' lang='lat'><strong>—</strong></span> <span class='ocrx_word' id='word_1_315' title='bbox 1066 2501 1172 2547; x_wconf 76' lang='grc' dir='ltr'><strong><em>ὀρθοὶ</em></strong></span> <span class='ocrx_word' id='word_1_316' title='bbox 1196 2530 1204 2537; x_wconf 93' lang='grc'><strong>.</strong></span> <span class='ocrx_word' id='word_1_317' title='bbox 1228 2529 1237 2537; x_wconf 93' lang='grc'>.</span> <span class='ocrx_word' id='word_1_318' title='bbox 1262 2503 1415 2542; x_wconf 77' lang='grc' dir='ltr'><em>ἑστῶτες</em></span> <span class='ocrx_word' id='word_1_319' title='bbox 1438 2497 1548 2545; x_wconf 77' lang='grc' dir='ltr'>ὦμεν]</span> <span class='ocrx_word' id='word_1_320' title='bbox 1572 2502 1717 2546; x_wconf 87' lang='lat' dir='ltr'><strong>Chryso-</strong></span> 
     </span>
     <span class='ocr_line' id='line_1_49' title="bbox 1009 2555 1715 2601; baseline -0.004 -10"><span class='ocrx_word' id='word_1_321' title='bbox 1009 2563 1135 2591; x_wconf 75' lang='lat' dir='ltr'><strong>stomus</strong></span> <span class='ocrx_word' id='word_1_322' title='bbox 1152 2558 1204 2591; x_wconf 92' lang='lat' dir='ltr'><strong>De</strong></span> <span class='ocrx_word' id='word_1_323' title='bbox 1220 2557 1422 2601; x_wconf 87' lang='lat' dir='ltr'><strong>incompreh.</strong></span> <span class='ocrx_word' id='word_1_324' title='bbox 1435 2557 1497 2589; x_wconf 90' lang='lat' dir='ltr'><strong>Dei</strong></span> <span class='ocrx_word' id='word_1_325' title='bbox 1510 2563 1623 2589; x_wconf 87' lang='lat' dir='ltr'><strong>natura</strong></span> <span class='ocrx_word' id='word_1_326' title='bbox 1634 2555 1715 2597; x_wconf 85' lang='lat' dir='ltr'>1V‚5</span> 
     </span>
     <span class='ocr_line' id='line_1_50' title="bbox 1009 2610 1717 2654; baseline -0.001 -10"><span class='ocrx_word' id='word_1_327' title='bbox 1009 2612 1094 2652; x_wconf 83' lang='lat' dir='ltr'><strong>dicit,</strong></span> <span class='ocrx_word' id='word_1_328' title='bbox 1126 2613 1300 2645; x_wconf 85' lang='lat' dir='ltr'><strong>diaconum</strong></span> <span class='ocrx_word' id='word_1_329' title='bbox 1335 2612 1486 2644; x_wconf 88' lang='lat' dir='ltr'><strong>omnibus</strong></span> <span class='ocrx_word' id='word_1_330' title='bbox 1515 2610 1717 2654; x_wconf 85' lang='lat' dir='ltr'><strong>praecipere:</strong></span> 
     </span>
     <span class='ocr_line' id='line_1_51' title="bbox 1009 2663 1444 2709; baseline -0.005 -9"><span class='ocrx_word' id='word_1_331' title='bbox 1009 2663 1127 2709; x_wconf 68' lang='lat'><em>’00302</em></span> <span class='ocrx_word' id='word_1_332' title='bbox 1149 2670 1294 2707; x_wconf 79' lang='grc' dir='ltr'><em>στῶμεν</em></span> <span class='ocrx_word' id='word_1_333' title='bbox 1317 2669 1444 2704; x_wconf 79' lang='grc' dir='ltr'><em>καλῶς.</em></span> 
     </span>
    </p>

    <p class='ocr_par' dir='ltr' id='par_1_10' title="bbox 1007 2718 1720 2925">
     <span class='ocr_line' id='line_1_52' title="bbox 1055 2718 1718 2763; baseline -0.005 -9"><span class='ocrx_word' id='word_1_334' title='bbox 1055 2731 1080 2763; x_wconf 89' lang='lat'><strong>3.</strong></span> <span class='ocrx_word' id='word_1_335' title='bbox 1105 2721 1139 2755; x_wconf 80' lang='grc' dir='ltr'><strong>οὶ</strong></span> <span class='ocrx_word' id='word_1_336' title='bbox 1162 2724 1191 2754; x_wconf 83' lang='grc' dir='ltr'><strong>δ.</strong></span> <span class='ocrx_word' id='word_1_337' title='bbox 1209 2719 1492 2763; x_wconf 74' lang='grc' dir='ltr'><strong><em>προσαγέτωοαν</em></strong></span> <span class='ocrx_word' id='word_1_338' title='bbox 1512 2719 1601 2761; x_wconf 82' lang='grc' dir='ltr'><strong><em>κτλ.]</em></strong></span> <span class='ocrx_word' id='word_1_339' title='bbox 1624 2718 1718 2752; x_wconf 73' lang='lat' dir='ltr'><strong>Iusti—</strong></span> 
     </span>
     <span class='ocr_line' id='line_1_53' title="bbox 1007 2770 1718 2818; baseline -0.003 -10"><span class='ocrx_word' id='word_1_340' title='bbox 1007 2785 1067 2808; x_wconf 87' lang='lat' dir='ltr'><strong>nus</strong></span> <span class='ocrx_word' id='word_1_341' title='bbox 1086 2775 1183 2818; x_wconf 78' lang='lat' dir='ltr'><strong>Apol.</strong></span> <span class='ocrx_word' id='word_1_342' title='bbox 1201 2774 1224 2814; x_wconf 91' lang='lat'><strong>1,</strong></span> <span class='ocrx_word' id='word_1_343' title='bbox 1241 2775 1296 2815; x_wconf 83' lang='lat'><strong>65:</strong></span> <span class='ocrx_word' id='word_1_344' title='bbox 1317 2770 1457 2807; x_wconf 79' lang='grc' dir='ltr'><em>Ἔπειτα</em></span> <span class='ocrx_word' id='word_1_345' title='bbox 1476 2773 1718 2815; x_wconf 76' lang='grc' dir='ltr'><strong><em>προσφέρεται</em></strong></span> 
     </span>
     <span class='ocr_line' id='line_1_54' title="bbox 1008 2823 1720 2873; baseline -0.004 -11"><span class='ocrx_word' id='word_1_346' title='bbox 1008 2832 1056 2873; x_wconf 80' lang='grc' dir='ltr'><strong>τῷ</strong></span> <span class='ocrx_word' id='word_1_347' title='bbox 1085 2831 1287 2871; x_wconf 73' lang='grc' dir='ltr'><strong><em>προεστῶτι</em></strong></span> <span class='ocrx_word' id='word_1_348' title='bbox 1317 2831 1388 2861; x_wconf 76' lang='grc' dir='ltr'><strong>τῶν</strong></span> <span class='ocrx_word' id='word_1_349' title='bbox 1417 2826 1584 2869; x_wconf 77' lang='grc' dir='ltr'><em>α’δελφιῦν</em></span> <span class='ocrx_word' id='word_1_350' title='bbox 1613 2823 1720 2868; x_wconf 76' lang='grc' dir='ltr'><strong><em>ἄρτος</em></strong></span> 
     </span>
     <span class='ocr_line' id='line_1_55' title="bbox 1007 2877 1719 2925; baseline -0.003 -9"><span class='ocrx_word' id='word_1_351' title='bbox 1007 2885 1068 2916; x_wconf 76' lang='grc' dir='ltr'><strong>καὶ</strong></span> <span class='ocrx_word' id='word_1_352' title='bbox 1092 2879 1263 2925; x_wconf 78' lang='grc' dir='ltr'><strong>ποτήριον</strong></span> <span class='ocrx_word' id='word_1_353' title='bbox 1287 2877 1414 2921; x_wconf 71' lang='grc' dir='ltr'><strong><em>ὕδατος</em></strong></span> <span class='ocrx_word' id='word_1_354' title='bbox 1443 2884 1504 2914; x_wconf 74' lang='grc' dir='ltr'><strong>καὶ</strong></span> <span class='ocrx_word' id='word_1_355' title='bbox 1527 2880 1719 2924; x_wconf 73' lang='grc' dir='ltr'><strong><em>κράματος.</em></strong></span> 
     </span>
    </p>
   </div>
   <div class='ocr_carea' id='block_1_8' title="bbox 1746 1062 1786 1094">
    <p class='ocr_par' dir='ltr' id='par_1_11' title="bbox 1746 1062 1786 1094">
     <span class='ocr_line' id='line_1_56' title="bbox 1746 1062 1786 1094; baseline 0 0"><span class='ocrx_word' id='word_1_356' title='bbox 1746 1062 1786 1094; x_wconf 89' lang='grc'><strong>10</strong></span> 
     </span>
    </p>
   </div>
   <div class='ocr_carea' id='block_1_9' title="bbox 1746 1387 1785 1419">
    <p class='ocr_par' dir='ltr' id='par_1_12' title="bbox 1746 1387 1785 1419">
     <span class='ocr_line' id='line_1_57' title="bbox 1746 1387 1785 1419; baseline 0.026 -1"><span class='ocrx_word' id='word_1_357' title='bbox 1746 1387 1785 1419; x_wconf 72' lang='grc'><strong>15</strong></span> 
     </span>
    </p>
   </div>
  </div>
 </body>
</html>
