2457 3436
979 691 1107 749 LEX
1144 690 1476 749 CANONICA

747 776 1157 836 SANCTORUM
1195 776 1708 835 APOSTOLORUM.

588 967 616 1008 Ι.
659 967 699 1008 Si
742 968 827 1022 quis
866 966 1155 1009 hebdomadem
1194 967 1489 1009 resurrectionis
1531 973 1680 1008 vestem
1727 965 1968 1020 splendidam

474 1033 649 1086 gerentis
676 1031 739 1073 vel
767 1033 1035 1074 renovationis
1069 1046 1151 1074 uno
1186 1031 1250 1074 die
1282 1031 1466 1074 diminuit
1498 1045 1627 1086 neque
1662 1038 1788 1073 totam
1823 1031 1970 1073 hebdo-

475 1097 636 1139 madem
666 1096 760 1138 colit
786 1097 887 1139 sicut
915 1111 1040 1138 unum
1069 1097 1188 1148 diem,
1208 1105 1306 1139 'eam
1334 1095 1534 1139 celebrans
1562 1096 1789 1151 simpliciter
1818 1104 1858 1138 et
1885 1111 1968 1138 non
2014 1109 2037 1142 5

476 1161 628 1213 festive,
656 1161 720 1203 vel
746 1161 921 1203 laborem
950 1162 1120 1216 suscipit,
1149 1169 1300 1216 partem
1331 1161 1446 1203 habet
1468 1175 1559 1203 cum
1578 1160 1672 1203 Iuda
1700 1161 1902 1215 proditore
1931 1170 1969 1203 et

474 1227 738 1269 constituatur
766 1240 857 1268 cum
885 1226 1037 1268 Iudaeis
1066 1227 1143 1268 Dei
1170 1226 1497 1268 interfectoribus.

586 1291 632 1332 H.
668 1291 708 1333 Si
737 1292 823 1347 quis
851 1305 934 1333 non
962 1292 1152 1345 permittit
1179 1290 1225 1332 ab
1253 1291 1329 1332 alio
1359 1290 1474 1332 lavari
1504 1290 1637 1345 pedes,
1673 1290 1878 1333 anathema
1907 1292 1967 1333 sit.

584 1421 649 1463 111.
679 1421 721 1462 Si
749 1421 835 1475 quis
864 1421 1003 1475 accipit
1031 1435 1174 1475 corpus
1198 1421 1365 1462 Domini
1395 1427 1434 1462 et
1462 1420 1621 1471 lavatur,
1651 1419 1879 1462 maledictus
1908 1421 1968 1471 sit,
1997 1435 2035 1467 ιο

474 1486 578 1528 sicut
605 1486 701 1528 dixit
728 1486 938 1527 Dominus.

587 1551 653 1592 IV.
693 1551 733 1592 Si
767 1552 852 1606 quis
886 1552 1026 1606 'aquam
1064 1565 1133 1593 ore
1167 1551 1327 1605 suscipit
1364 1558 1403 1593 et
1441 1552 1496 1593 sic
1531 1551 1810 1601 communicat,
1852 1551 1969 1591 male-

474 1615 603 1658 dictus
630 1617 692 1657 sit.

586 1681 636 1723 V.
665 1681 707 1722 Si
734 1682 821 1736 quis
849 1682 889 1721 in
918 1682 1078 1722 somnio
1107 1680 1319 1723 fornicatur
1340 1688 1379 1723 et
1398 1680 1461 1722 die
1479 1688 1668 1736 sequente
1687 1681 1967 1729 communicat,

475 1746 705 1788 maledictus
733 1746 794 1787 sit.

585 1811 655 1853 VI,
684 1811 725 1852 Si
753 1811 839 1865 quis
867 1809 1067 1864 egreditur
1086 1824 1134 1852 ex
1152 1811 1325 1862 ecclesia,
1354 1811 1578 1865 priusquam
1597 1809 1781 1851 sacerdos
1802 1808 1968 1851 dimissi-

475 1890 596 1917 onem
628 1875 732 1926 fecit,
760 1874 986 1917 maledictus
1015 1875 1075 1917 sit.

586 1941 672 1982 VII.
701 1940 742 1982 Si
771 1940 855 1996 quis
881 1939 1040 1981 fratrem
1059 1954 1172 1981 suum
1193 1947 1308 1982 vocat
1328 1939 1491 1990 fatuum,
1521 1940 1620 1981 sicut
1640 1939 1734 1981 dixit
1754 1940 1966 1990 Dominus,

476 2019 566 2047 reus
597 2006 667 2047 erit
695 2005 899 2059 gehennae
928 2006 1043 2059 ignis.

587 2070 691 2111 VIII.
726 2069 767 2111 Si
802 2071 887 2125 quis
916 2069 1103 2112 detrectat
1132 2070 1229 2124 patri
1255 2068 1319 2111 vel
1347 2070 1460 2111 matri
1495 2069 1557 2111 vel
1584 2068 1703 2120 fratri,
1738 2068 1967 2111 maledictus
1990 2085 2034 2115 20

475 2136 544 2186 sit;
575 2134 803 2176 detrectatio
833 2136 937 2177 enim
968 2150 1051 2176 non
1080 2135 1172 2176 sinit
1199 2135 1404 2176 hominem
1433 2141 1534 2176 stare
1564 2148 1697 2176 coram
1725 2134 1828 2176 Deo.

474 2305 520 2343 οὐ
543 2307 777 2351 καταδέχεται
805 2306 902 2352 παρὰ
933 2306 1057 2351 ἑτέρου
1086 2309 1190 2352 νίψα-

474 2365 565 2397 σθαι
581 2359 644 2402 τὰς
655 2367 792 2406 χεῖρας,
816 2358 909 2397 ἔστω
930 2359 1111 2405 ἀνάθεμα,
1135 2357 1188 2397 ὅτι

474 2413 496 2450 ὁ
520 2413 645 2459 κύριος
668 2413 792 2460 ἔνιψεν
813 2414 877 2455 τὰς
889 2421 1013 2459 χεῖρας
1029 2419 1091 2450 καὶ
1106 2414 1190 2457 τούς
1206 2420 1213 2427 ⁴

474 2468 589 2510 πόδας
615 2473 689 2504 τῶν
715 2473 893 2513 μαθητῶν
922 2467 1045 2512 αὐτοῦ,
1078 2468 1191 2505 εἰπών

474 2519 608 2564 οὕτως·
637 2530 789 2567 ποιεῖτε,
818 2518 942 2567 ὥσπερ
967 2522 1098 2566 εἴδατε,
1127 2526 1189 2558 καὶ

476 2575 580 2621 ὑμεῖς
602 2574 747 2621 ὁμοίως.

520 2633 669 2667 111-1v.
684 2633 800 2666 Codex
808 2632 1052 2666 ottobonianus
1059 2644 1067 2665 :
1073 2627 1192 2673 Ὅστις

474 2686 644 2722 λούσεται
675 2683 696 2729 ἢ
723 2683 835 2730 πλύνῃ
866 2683 995 2730 (πλὴνη
1027 2687 1117 2730 cod.)
1147 2684 1188 2720 τὸ

474 2738 593 2783 στόμα
622 2738 734 2775 αὐτοῦ
761 2735 870 2785 ὕδωρ,
900 2742 961 2774 καὶ
988 2737 1188 2785 μεταλᾰβει

474 2793 541 2838 τὴν
571 2791 707 2838 ἡμέραν
740 2793 895 2839 ἐκείνην,
929 2792 1191 2838 ἐπικατάρατος

477 2846 583 2892 ἔστω,
613 2848 739 2889 καθὼς
768 2845 869 2884 εἶπεν
898 2844 918 2883 ὃ
947 2845 1086 2892 κύριος·
1116 2845 1188 2892 ἔχει

1257 2308 1295 2343 δὲ
1313 2310 1376 2342 καὶ
1391 2307 1570 2350 ἐπιτίμιον
1586 2304 1720 2350 ἡμέρας
1735 2307 1768 2340 κ’
1783 2309 1844 2341 καὶ
1859 2319 1969 2349 μετα-

1255 2363 1355 2402 νοίας
1383 2358 1423 2396 τ’.
1468 2362 1630 2395 Dominus
1668 2361 1708 2394 de
1739 2361 1793 2394 illa
1826 2372 1860 2394 re
1888 2361 1969 2394 nihil

1246 2416 1342 2449 dicit.
1388 2416 1561 2449 Canonem
1583 2415 1630 2449 111
1654 2422 1686 2449 et
1708 2421 1776 2449 tres
1804 2415 1896 2455 alios,
1928 2415 1968 2456 V,

1255 2470 1326 2510 vn,
1364 2469 1453 2510 XIII,
1498 2470 1597 2503 etiarn
1636 2469 1791 2513 Epitimia
1829 2469 1968 2502 Iohanni

1256 2524 1500 2568 Chrysostomo
1518 2523 1676 2567 adscripta
1693 2523 1856 2564 exhibent,
1874 2533 1901 2556 c.
1916 2532 1966 2563 24,

1256 2587 1308 2620 25,
1332 2577 1384 2617 26,
1408 2587 1460 2621 29.

1299 2632 1329 2664 V
1358 2629 1430 2676 (ε’).
1462 2631 1514 2665 Cf.
1548 2631 1627 2665 Lev.
1661 2641 1709 2674 15,
1747 2632 1793 2665 16.
1826 2640 1881 2674 32;
1917 2640 1968 2673 22,

1255 2685 1351 2726 4-6.

1298 2740 1359 2773 vu
1382 2736 1455 2782 (ζ’).
1479 2738 1532 2773 Cf.
1555 2739 1671 2772 Matth.
1698 2749 1725 2782 5,
1751 2748 1801 2772 22.

1298 2793 1375 2827 VIII
1403 2790 1479 2838 (η’).
1508 2793 1560 2827 Cf.
1588 2793 1691 2827 Exod.
1721 2802 1771 2834 22,
1805 2793 1859 2833 16;
1888 2793 1968 2827 Lev.

1255 2857 1307 2890 20,
1331 2859 1368 2892 9;
1390 2847 1488 2881 Deut.
1512 2856 1565 2890 27,
1591 2848 1646 2889 163
1668 2847 1783 2881 Matth.
1810 2856 1859 2889 15,
1881 2855 1912 2887 4.
