2457 3436
1056 274 1248 304 CAPm'LA.
1818 263 1897 302 143

920 437 986 478 DE
1011 436 1391 478 oBLA'rlomBIJS.

513 533 699 575 XXVHL
730 533 852 584 Quod
882 548 962 576 non
991 534 1105 576 liceat
1124 532 1340 575 oblationes
1360 534 1536 588 accipere
1555 532 1603 574 ab
1622 532 1805 574 adulteris
1835 531 1896 573 vel

403 597 705 640 fornicatoribus
726 599 789 641 vel
808 598 1048 654 cauponibus
1067 614 1194 654 neque
1209 598 1257 640 ab
1272 600 1341 650 eis,
1355 600 1422 654 qui
1435 610 1578 641 vexant
1599 597 1757 640 viduam
1773 609 1810 639 et
1828 612 1897 652 pu-

405 663 544 718 pillum
557 676 623 706 aut
637 663 805 706 famulos
824 679 916 706 suos
936 664 1040 706 farne
1053 677 1092 706 et
1107 664 1201 706 dura
1212 665 1400 706 servitute
1413 676 1452 706 et
1465 663 1688 706 verberibus
1703 663 1897 716 affligunt.

515 729 666 770 XXIX.
698 729 820 779 Quod
849 729 951 771 bona
980 729 1027 771 ab
1058 731 1188 784 impiis
1214 729 1341 771 oblata
1362 731 1454 784 igne
1474 728 1740 771 consumenda
1770 742 1896 783 neque
1919 733 1942 765 5

406 795 445 836 in
476 793 607 836 cibum
636 809 854 850 pauperum
883 795 1082 850 eroganda
1109 797 1198 837 sint.

516 858 649 901 XXX.
670 859 792 910 Quod
813 862 1050 903 nominatim
1070 875 1182 903 orare
1201 860 1388 902 debemus
1408 874 1480 915 pro
1500 860 1568 911 eis,
1591 860 1655 915 qui
1678 860 1746 914 pio
1760 859 1897 900 animo

407 923 508 967 bene
536 924 721 967 fecerunt.

408 1051 436 1088 λ’
460 1056 671 1097 κεφαλαίων
692 1065 742 1096 m;
764 1056 799 1088 in
821 1067 841 1088 v
865 1054 963 1088 simili
985 1055 1088 1089 modo
1109 1066 1149 1089 ac
1172 1061 1280 1099 partes
1303 1054 1447 1088 secunda
1469 1065 1507 1088 ac
1530 1054 1624 1087 tertia
1640 1053 1766 1098 primae
1783 1052 1895 1086 adiun-

408 1108 497 1152 gitur
513 1109 691 1153 scripturae
707 1114 813 1153 caput,
837 1109 926 1154 quod
940 1109 1138 1143 inscribitur:
1163 1111 1252 1153 Περὶ
1274 1112 1337 1144 τοῦ
1356 1106 1407 1152 μὴ
1422 1114 1542 1143 ποιεῖν
1557 1108 1657 1151 ἱερέα
1674 1108 1900 1150 λειτουργίας

408 1158 487 1205 δύο,
515 1163 604 1207 quod
630 1162 779 1196 nonnulli
806 1163 860 1196 alii
882 1163 1014 1197 codices
1037 1163 1158 1197 Photio
1179 1163 1355 1197 attribuunt
1378 1168 1411 1196 et
1433 1161 1702 1206 Hergenroether
1723 1161 1756 1195 in
1779 1161 1898 1195 Monu-

406 1217 529 1250 mentis
540 1216 582 1250 ad
591 1216 746 1250 Photium
758 1216 893 1262 eiusque
910 1217 1082 1252 historiam
1097 1217 1332 1262 pertinentibus
1349 1216 1430 1261 1869
1442 1228 1474 1261 p.
1488 1226 1613 1250 11-12
1625 1216 1712 1261 typis
1730 1215 1897 1260 expressit.

451 1324 594 1359 xxvm
609 1322 708 1369 (κη’).
728 1325 779 1359 ef.
799 1325 836 1360 e.
853 1326 893 1359 A.
912 1324 1011 1367 1v‚6‚
1027 1334 1119 1365 1-4.
1229 1325 1324 1358 xxx
1347 1322 1419 1368 (λ’).
1442 1324 1494 1359 ef.
1519 1325 1557 1359 c,
1581 1325 1620 1358 A.
1643 1324 1697 1364 111,
1721 1333 1751 1365 ⁴,
1779 1334 1807 1367 3.

452 1378 562 1412 xxm
586 1376 690 1422 (κεν).
714 1378 766 1413 cf.
790 1379 828 1413 e.
852 1379 893 1413 A.
917 1379 973 1419 ιν,
1001 1388 1049 1421 ιο,
1076 1389 1103 1413 ι.
