2457 3436
624 385 932 416 consmwnomzs
959 386 1228 416 Aros’romnuu
1257 389 1295 424 11,
1320 390 1372 426 37,
1395 390 1513 427 3—38,
1536 392 1566 422 2.
1761 381 1837 420 125

505 469 556 525 ἐφ’
566 478 693 524 ἑαυτῶν
710 481 763 523 ου’
781 484 938 533 κρίνετε
967 480 1019 524 τὸ
1040 483 1250 533 δίκαιον“,·
1298 496 1333 525 2.
1362 486 1524 536 γίνεσθε
1545 480 1622 527 οὖν
1641 483 1701 534 ὥς
1720 483 1837 539 ἀργυ-

572 545 821 601 ὲκιστήμονες”
856 546 1049 599 καθάπερ
1076 547 1154 601 γὰρ
1183 542 1299 590 οὗτοι
1337 549 1389 591 τὰ
1416 553 1554 601 φαῦλα
1581 556 1671 591 τῶν
1697 563 1836 602 νομισ-

453 663 455 667 ,
554 607 830 664 αἰτοιιρίνουσιν,
865 611 919 654 τὰ
950 613 992 653 δὲ
1027 612 1175 664 δόκιμα
1211 615 1470 664 οίκειοῦνται,
1504 614 1584 656 τὸν
1618 614 1751 658 αὐτὸν
1786 616 1835 669 δὴ

452 646 538 707 Ε*
556 677 703 719 καὶτὸν
730 677 959 719 ἐπίσκοπον
989 677 1066 730 χρὴ
1095 677 1149 719 τὰ
1181 679 1257 730 μὲν
1290 677 1435 731 ἄμωμα
1471 681 1665 732 κατέχειν,
1700 680 1753 722 τὰ
1792 682 1835 722 δὲ

452 735 551 795 Q
573 739 600 795 ἢ
619 742 858 793 θεραπεύειν
886 740 911 794 ἢ
939 741 1120 791 ἀνιάτως
1147 747 1354 785 νοσοῦντα
1373 743 1653 796 ἀπορρίπτειν,
1684 748 1748 787 καὶ
1777 745 1832 799 μὴ
1880 756 1900 786 5

452 793 511 845 ὡς
532 806 696 848 κόπτειν
721 809 821 860 μηδὲ
849 806 1067 860 οἱσδήποτε
1094 807 1311 850 πιστεύειν.
1362 822 1398 862 3.
1427 810 1596 863 ἐγχωρεῖ
1619 810 1697 863 γάρ
1719 825 1835 858 τινας

452 861 511 903 5⁸¹3
534 871 661 924 ζῆλον
687 870 901 926 ἢφθόνον
928 873 1035 915 κατά
1062 888 1176 927 τινος
1195 870 1375 926 ἀδελφοῦ
1402 873 1676 928 ἐνστήσασθαι
1705 876 1835 928 ψευδῆ

452 934 612 986 mim,
637 936 695 986 ὥς
722 937 764 979 οἱ
791 936 866 979 δύο
893 938 1161 990 πρεσβύτεροι
1189 938 1254 980 ἐπὶ
1282 944 1357 991 τῆς
1375 939 1603 993 Σωσάννης
1630 940 1676 980 ίν
1704 942 1836 989 Βαβυ-

453 1027 455 1034 ·
487 1004 583 1042 καὶ
614 999 637 1053 ἦ
667 1004 871 1056 Αἰγυπτία
908 1004 976 1044 ἐπὶ
1010 1007 1073 1056 τῷ
1104 1000 1261 1057 Ἰωσήφ.
1328 1018 1366 1057 4.
1407 1004 1457 1045 σύ
1494 1000 1572 1046 οὖν
1607 1002 1665 1053 ὥς
1701 1009 1835 1053 ,,θεοῦ

452 1069 604 1115 Μος“
627 1067 678 1109 τὰ
693 1073 869 1110 τοιαῦτα
887 1068 942 1121 μὴ
961 1070 1188 1120 προχείρως
1210 1070 1455 1121 παραδέχου,
1484 1068 1551 1110 ἵνα
1581 1068 1660 1121 ,,μὴ
1689 1066 1834 1121 ἀνέλῃς
1859 1085 1900 1115 10

452 1123 598 1173 5060„
613 1134 680 1174 καὶ
699 1131 943 1185 ἀποκτείνῃς
962 1133 1040 1175 τὸν
1059 1134 1258 1175 δίκαιον“.
1308 1146 1343 1187 5.
1374 1132 1398 1176 ὁ
1416 1134 1493 1187 γὰρ
1512 1139 1687 1176 τοιαῦτα
1704 1149 1834 1186 παρα-

452 1193 539 1234 ’Q
572 1200 706 1239 θέλων
738 1197 862 1252 ὀργῆς
894 1198 1030 1253 πατήρ
1058 1199 1169 1240 ἐστιν
1195 1202 1353 1250 μᾶλλον
1381 1196 1406 1251 ἢ
1435 1199 1614 1258 είρήίης·
1653 1197 1762 1241 ὅπου
1790 1200 1834 1240 δὲ

453 1253 579 1306 ,ἔπεϊ
598 1263 738 1315 κύριος
756 1262 834 1304 οὐκ
861 1262 989 1304 ἔστιν’
1019 1261 1044 1317 ἡ
1071 1263 1149 1317 γὰρ
1170 1262 1284 1317 ὀργή,
1312 1270 1392 1306 τοῦ
1410 1268 1568 1306 σατανᾶ
1593 1262 1834 1316 ὑπάρχουσα

452 1339 468 1381 ι,
486 1323 593 1380 λέγω
608 1330 650 1369 δὲ
669 1325 694 1381 ἦ
714 1328 828 1380 παρὰ
844 1328 894 1370 τὸ
916 1330 1077 1370 δίκαιον
1096 1331 1314 1388 κινουμ-ένῃ
1333 1328 1401 1370 διὰ
1419 1333 1507 1370 τῶν
1525 1330 1832 1381 ψευδαδέλφων,

452 1387 552 1433 bote.
580 1391 775 1445 ὁμόνοιαν
808 1396 998 1447 γενέσθαι
1033 1392 1201 1448 ἀφίησιν
1234 1395 1280 1435 ἐν
1313 1399 1364 1447 τῇ
1395 1395 1597 1450 ἐκκλησίᾳ.
1656 1396 1693 1436 6.
1730 1393 1835 1436 ὅθεν
1859 1408 1898 1439 15

453 1453 685 1507 ιτθῶσκοντες
699 1458 798 1507 τούς
818 1458 1034 1507 τοιούτους
1048 1458 1243 1512 ἄφρονας,
1262 1458 1434 1510 ἐριστάς,
1449 1459 1833 1512 ἐπιχαιρεσικὰκους,

475 1523 643 1565 πιστεύετε
681 1519 834 1572 αὐτοῖς,
875 1523 979 1566 ἀλλὰ
1018 1525 1087 1565 καὶ
1127 1530 1428 1579 παρατηρεῖσθε
1467 1525 1564 1573 τοὺς
1603 1523 1834 1573 τοιούτους,

452 1579 571 1635 Ιῦθντές
595 1604 634 1630 τι
662 1587 761 1640 παρ’
779 1584 921 1629 αὐτῶν
946 1588 1051 1629 κατὰ
1078 1587 1272 1641 ἀδελφοῦ,
1303 1587 1366 1632 ὅτι
1390 1585 1511 1630 οὐδὲν
1538 1590 1583 1630 ἐν
1604 1588 1837 1640 ὀφθαλμοῖς

452 1642 510 1690 ’τῶν
526 1650 659 1703 φόνος,
691 1655 761 1695 καὶ
789 1647 840 1694 οὗ
867 1670 929 1701 τις
956 1651 1030 1706 οὐχ
1057 1652 1231 1696 ὑπονοεῖ
1254 1655 1583 1703 καταβάλλουσιν
1611 1652 1754 1705 ἄνδρα.

478 1715 680 1760 XXXVIII.
722 1718 784 1760 Σὺ
821 1714 899 1760 οὖν
939 1719 1110 1772 πρόσεχε
1148 1725 1212 1772 τῷ
1247 1721 1586 1774 κατηγορηθέντι,
1628 1719 1673 1761 ἐν
1713 1719 1836 1773 σοφίᾳ
1856 1732 1900 1762 20

452 1787 598 1837 ’πτηρῶν
622 1783 698 1838 τὴν
726 1780 993 1837 ἀναστροφὴν
1020 1782 1164 1834 αὐτοῦ,
1193 1787 1255 1832 τίς
1283 1786 1349 1826 καὶ
1379 1782 1504 1826 ὁποία
1531 1783 1733 1837 τυγχάνει·
1766 1786 1834 1825 καὶ

452 1841 537 1900 ῗροις
553 1847 682 1890 αὐτὸν
701 1844 974 1902 ἀληθεύοντα,
988 1849 1094 1891 κατὰ
1110 1849 1189 1901 τὴν
1208 1855 1286 1891 τοῦ
1304 1852 1447 1902 κυρίου
1462 1849 1628 1903 διδαχὴν
1646 1852 1834 1903 ποίησον,

452 1910 565 1954 ιιόνον
582 1913 835 1966 παραλαβών
853 1914 931 1955 τὸν
949 1915 1286 1968 κατηγορηθέντα
1307 1915 1498 1968 ,ἔλεγξον
1517 1913 1691 1964 αὐτόν’,
1721 1911 1835 1962 ὅπως

452 1983 549 2032 γνῷ,
586 1978 761 2033 μηδενός
798 1992 864 2021 σοι
904 1978 1200 2031 συμπαρόντος.
1264 1992 1300 2021 2.
1340 1981 1403 2030 ,,εί
1443 1981 1485 2021 δὲ
1524 1978 1576 2021 ου’
1607 1982 1834 2033 πεισθείη“,

452 2058 564 2093 μενος
596 2044 785 2096 δεύτερος
813 2041 838 2096 ἢ
872 2047 1020 2096 τρίτος,
1056 2040 1190 2093 οὕτως
1224 2041 1338 2097 αὐτῷ
1372 2043 1589 2096 ὑπόδειξον
1621 2044 1672 2086 τὸ
1711 2048 1836 2099 πλημ-
1859 2056 1900 2086 25

452 2123 514 2161 μα,
551 2109 806 2162 νουθετήσας
844 2105 974 2151 αὐτὸν
1012 2109 1057 2151 ἐν
1095 2109 1297 2163 πραότητι
1336 2112 1404 2151 καὶ
1442 2111 1617 2165 παιδείᾳ,
1658 2107 1724 2151 ὅτι
1763 2110 1837 2159 „bv

452 2173 954 2233 ἐᾳέγεθῇέιίᾳπαύσεται
983 2177 1118 2226 σοφία»
1148 2172 1654 2234 Qffffssdjssjfwdev
1673 2174 1725 2217 οὔ
1752 2176 1837 2234 διατ

456 2306 479 2338 8
500 2303 581 2337 Dan.
610 2314 658 2345 ¹3·
697 2323 732 2327 —-
770 2307 791 2337 9
821 2303 905 2338 Gen.
932 2314 980 2348 39.
1015 2323 1056 2329 ——-
1090 2304 1105 2337 1
1135 2305 1210 2337 Tim
1239 2304 1270 2345 6,
1298 2315 1344 2338 11.
1382 2325 1417 2328 —
1457 2309 1496 2338 10
1525 2305 1627 2338 Exod.
1656 2314 1708 2347 23,
1732 2315 1762 2347 7.
1796 2324 1837 2331 —

452 2357 495 2390 ›h.
518 2367 548 2396 2,
575 2367 601 2400 3.
628 2377 665 2381 —
692 2361 734 2391 22
757 2358 816 2391 Mt.
845 2359 893 2397 18,
920 2368 966 2400 ¹5·
995 2358 1041 2391 16.
1067 2377 1108 2383 —
1131 2361 1173 2393 26
1196 2360 1291 2392 Prov.
1319 2368 1368 2399 14,
1393 2369 1441 2401 33.

456 2468 478 2499 2
499 2459 597 2500 οὗτοι
624 2463 667 2499 τά
692 2477 699 2498 :
723 2465 857 2501 ἐκεῖνοι
881 2464 925 2500 τὰ
947 2466 1015 2508 μὲν
1036 2467 1057 2499 b
1080 2477 1102 2499 o
1121 2466 1128 2510 Ι
1152 2470 1173 2501 5
1196 2464 1217 2509 ἢ
1241 2478 1278 2510 pr
1299 2471 1343 2506 >
1368 2479 1387 2511 p
1411 2479 1431 2499 v
1454 2467 1484 2499 A
1504 2470 1508 2507 Ι
1529 2470 1549 2501 6
1572 2462 1627 2506 οἷς
1649 2463 1782 2509 δήποτε
1805 2467 1837 2505 h,

453 2517 462 2553 ἲ
479 2522 535 2554 δεῖ
549 2520 570 2552 b
587 2530 610 2552 ο
632 2531 635 2559 i
656 2518 842 2554 πιστεύειν
855 2524 891 2560 -Ι-
907 2520 994 2555 ποτὲ
1009 2521 1030 2553 b
1046 2531 1067 2554 o
1088 2522 1094 2562 Ι
1112 2523 1134 2554 8
1149 2520 1206 2554 ἐπὶ
1225 2524 1286 2564 τῆς
1303 2533 1310 2554 :
1328 2524 1400 2555 τῶν
1415 2520 1473 2554 ἐπὶ
1492 2521 1511 2553 b
1529 2531 1551 2553 o
1571 2521 1576 2562 Ι
1596 2517 1770 2562 Σωσάννη
1787 2530 1809 2553 ο
1831 2521 1835 2563 1

464 2574 1385 2618 ιὴὶιοετσῦρνΙ1οηροχ.παραδ.ωὺοΙ
1419 2571 1838 2615 11ὄεούο112δέε

452 2631 591 2668 »0118
614 2624 741 2670 κύριος
763 2639 770 2661 :
795 2624 815 2661 ὃ
839 2641 873 2662 κ.
895 2630 1001 2669 τι114
1024 2629 1137 2663 abab
1161 2641 1168 2662 :
1192 2627 1495 2673 όὴὴορνΙκιν.
1519 2625 1576 2662 διά
1601 2640 1608 2661 :
1631 2626 1837 2671 κινούμενοι

453 2680 499 2724 ρὰ
523 2683 543 2714 b
567 2692 589 2715 ο
612 2685 616 2717 l
640 2684 682 2715 15
702 2679 849 2725 ἀφίησιν
872 2695 903 2726 y.
928 2678 1101 2725 ὁμόνοιαν
1122 2694 1152 2722 a,
1174 2680 1232 2725 ὀμ.
1255 2681 1403 2726 ἀφίησιν
1425 2695 1499 2726 γεν.
1523 2684 1542 2715 b
1566 2693 1587 2715 o
1607 2686 1611 2724 Ῑ
1634 2686 1674 2717 16
1698 2681 1841 2725 ἐριστὰς

455 2733 570 2775 λωτὰς
595 2735 617 2768 b
640 2745 664 2767 o
686 2741 719 2768 2²
740 2736 760 2769 i.
776 2747 821 2769 m.
842 2739 845 2778 Ι
863 2735 1144 2780 χαιρεσικάκους
1166 2748 1184 2771 a
1205 2738 1210 2780 1
1232 2741 1269 2771 17
1294 2735 1425 2776 αὐτοὺς
1446 2748 1465 2770 a
1484 2739 1490 2778 Ι
1512 2740 1552 2771 18
1574 2749 1606 2771 τι
1630 2741 1674 2777 >
1698 2747 1719 2769 o
1742 2748 1763 2781 p
1787 2748 1807 2769 v
1834 2739 1837 2779 ξ

452 2792 512 2823 »ὃν
533 2799 558 2823 ο
578 2792 585 2830 Ι
609 2792 652 2824 19
674 2782 715 2824 οὗ
740 2801 748 2823 :
772 2786 792 2824 ὃ
816 2790 848 2831 h,
872 2785 964 2825 ὅπου
987 2792 1007 2824 b
1030 2801 1052 2824 o
1071 2793 1077 2832 1
1096 2803 1149 2830 τις
1171 2803 1179 2824 :
1203 2788 1319 2830 ούδεὶς
1343 2791 1363 2823 b
1387 2793 1432 2832 οΙ
1454 2793 1722 2834 καταβαλοῠσιν
1743 2802 1764 2834 p
1787 2802 1807 2823 v
1833 2792 1837 2831 1

473 2843 734 2887 κατηγορηθὲν
755 2845 775 2876 b
798 2855 819 2877 ο
846 2846 850 2887 Ι
877 2848 917 2879 21
942 2846 1029 2879 ποία
1051 2846 1072 2878 b
1096 2856 1117 2878 o
1143 2847 1147 2886 1
1177 2842 1344 2889 τυγχάνει
1369 2856 1376 2878 :
1401 2840 1539 2888 ὖπάρχη
1561 2845 1593 2885 b,
1615 2844 1763 2887 παρέχει
1785 2854 1807 2876 o
1834 2845 1838 2885 Ι

453 2893 514 2942 ρης
538 2899 562 2931 b
588 2907 611 2930 o
632 2899 639 2939 Ι
659 2900 700 2931 24
722 2897 896 2941 παρόντος
917 2899 964 2941 h!
985 2903 1027 2934 25
1051 2894 1167 2939 οὕτως’
1189 2911 1197 2933 :
1219 2897 1327 2938 αὐτὸς
1350 2900 1369 2931 b
1392 2909 1414 2932 ο
1434 2903 1438 2941 1
1465 2902 1506 2933 27
1530 2895 1750 2933 ἀναπαύεται
1774 2897 1796 2930 h
1820 2907 1841 2930 o
