2457 3436
863 396 1131 427 apos-romanu
1159 397 1240 435 vm,
1270 400 1321 435 12,
1345 398 1482 431 19—23.
1838 389 1916 427 503

452 492 645 544 minem,
683 505 814 547 quem,
854 506 944 534 cum
980 491 1168 543 efficeres,
1205 493 1292 547 lege
1327 493 1488 535 naturali
1522 507 1565 535 ac
1599 494 1713 535 insita
1749 493 1916 543 donasti,

453 570 486 599 ο
525 558 645 599 intus
679 565 718 599 et
747 571 794 599 ex
827 571 870 599 se
905 557 1062 599 haberet
1096 558 1335 612 cognitionis
1362 558 1438 600 Dei
1474 559 1636 599 semina.
1699 570 1758 610 19.
1789 558 1915 600 Intro—

453 636 568 664 =eens
599 629 734 664 autem
764 636 855 664 eum
891 623 930 663 in
957 622 1180 677 paradisum
1214 622 1448 672 deliciarum,
1486 630 1718 677 potestatem
1755 622 1916 678 quidem

452 688 604 729 unium
627 687 675 729 ad
695 686 1001 742 participandum
1018 688 1054 729 ei
1074 688 1315 737 concessisti,
1336 688 1450 729 unius
1465 701 1561 729 vero
1576 687 1698 729 solius
1716 694 1913 741 gustatum

471 766 603 807 spem
634 752 843 793 meliorum
863 765 993 793 rerum
1021 751 1265 802 interdixisti,
1293 759 1347 802 ut,
1375 753 1408 794 si
1436 752 1664 794 mandatum
1686 751 1912 803 custodiret,
1959 766 1979 798 5

453 831 511 859 ns
548 818 697 859 servati
733 816 957 858 mercedem
993 816 1110 858 ferret
1144 817 1491 859 immortalitatem.
1550 829 1613 858 20.
1651 817 1754 859 Cum
1784 824 1913 859 autem

452 881 652 924 nudatum
680 881 908 936 neglegeret
938 888 977 923 et
1005 881 1138 923 fraude
1161 883 1354 937 serpentis
1383 889 1421 923 et
1450 881 1621 923 mulieris
1650 882 1816 923 consilio
1845 896 1916 937 gu-

452 955 536 989 tret
555 945 800 1002 prohibitum
821 945 1003 997 fructum,
1030 960 1078 988 ex
1097 947 1274 1000 paradiso
1294 945 1452 1001 quidem
1472 947 1572 989 iuste
1595 947 1701 989 illum
1724 946 1914 1001 expulisti,

452 1012 599 1053 »nitate
627 1006 721 1053 vero
758 1019 824 1053 tua
851 1010 1023 1053 funditus
1058 1018 1286 1066 pereuntem
1326 1026 1408 1053 non
1438 1011 1664 1066 despexisti3
1701 1019 1782 1053 erat
1809 1013 1915 1053 enim

452 1074 628 1118 »fficium
655 1083 787 1127 tuum;
826 1074 896 1118 sed
925 1077 989 1131 qui
1018 1077 1054 1118 ei
1083 1075 1300 1118 subieceras
1328 1084 1555 1127 creaturam,
1585 1076 1736 1127 dedisti,
1764 1084 1807 1118 ut
1835 1078 1914 1118 suis
1941 1089 1980 1120 ιο

452 1139 631 1183 :loribus
657 1155 701 1183 ac
730 1140 925 1182 laboribus
953 1140 1027 1182 sibi
1056 1148 1206 1196 pararet
1234 1142 1394 1192 victum,
1427 1148 1466 1183 te
1496 1142 1630 1183 omnia
1659 1141 1913 1196 producente,

452 1213 593 1259 igente
620 1220 663 1247 ac
690 1213 929 1257 maturante3
957 1213 1071 1260 atque
1101 1219 1191 1247 eum
1220 1205 1327 1247 brevi
1355 1220 1500 1247 somno
1529 1205 1710 1248 affectum
1739 1220 1808 1261 per
1837 1207 1914 1248 ius·

453 1270 630 1313 randum
659 1270 707 1312 ad
734 1271 1078 1325 regenerationem
1100 1272 1261 1321 vocasti,
1291 1270 1450 1314 decreto
1478 1272 1617 1313 mortis
1645 1271 1776 1314 soluto
1794 1273 1913 1314 vitam

452 1350 466 1377 t
494 1336 787 1378 resurrectione
815 1336 1041 1389 promisisti.
1092 1347 1155 1377 21.
1184 1336 1325 1390 Neque
1354 1336 1431 1377 hoc
1460 1335 1602 1386 solum,
1630 1350 1766 1378 verum
1796 1338 1912 1378 etiam

452 1416 467 1442 r
495 1401 666 1455 posteris
695 1401 780 1442 eius
808 1414 830 1441 a
857 1407 898 1443 te
925 1401 966 1441 in
995 1399 1285 1442 multitudinem
1316 1401 1638 1443 innumerabilem
1668 1401 1798 1443 effusis
1829 1415 1911 1452 eos,
1938 1412 1977 1442 15

452 1466 491 1507 ui
519 1464 594 1507 tibi
624 1465 898 1515 adhaeserunt,
932 1465 1169 1519 glorificasti,
1206 1479 1276 1507 eos
1304 1480 1412 1516 vero,
1448 1467 1513 1520 qui
1542 1480 1563 1507 a
1597 1473 1637 1507 te
1674 1466 1913 1517 defecerunt,

452 1531 621 1581 univisti,
650 1529 883 1572 sacrificium
910 1529 1068 1585 quidem
1089 1530 1188 1572 Abel
1208 1537 1250 1572 ut
1278 1532 1500 1572 innocentis
1528 1530 1750 1582 admittens,
1771 1546 1914 1573 munus

452 1594 637 1637 muicidae
664 1603 797 1637 autem
819 1595 917 1637 Cain
947 1603 988 1637 ut
1008 1595 1224 1637 detestandi
1253 1595 1471 1646 fastidiens3
1503 1603 1541 1637 et
1568 1595 1616 1637 ad
1637 1596 1732 1637 haec
1754 1596 1848 1638 Seth
1876 1604 1914 1639 et

452 1659 533 1701 {nos
561 1660 764 1714 suscepisti
792 1667 907 1715 atque
936 1660 1061 1701 Enoch
1088 1659 1325 1701 transtulisti.
1384 1672 1447 1702 22.
1477 1661 1542 1701 Tu
1572 1662 1677 1702 enim
1708 1675 1749 1702 es
1783 1661 1914 1716 opifex

453 1725 649 1776 lominum,
677 1726 782 1766 vitae
811 1724 982 1779 largitor,
1010 1724 1247 1779 indigentiae
1268 1725 1455 1780 expletor,
1484 1726 1616 1779 legum
1646 1726 1745 1767 lator
1772 1740 1914 1780 easque
1937 1735 1980 1766 20

452 1790 667 1832 mantiam
696 1797 981 1840 remunerator,
1009 1790 1378 1845 transgredientium
1402 1790 1564 1842 vindex3
1593 1792 1658 1845 qui
1688 1791 1826 1845 ingens
1856 1792 1912 1832 di-

452 1852 570 1895 livium
603 1855 744 1896 mundo
777 1855 940 1896 intulisti
964 1863 1124 1910 propter
1157 1856 1279 1910 impie
1304 1856 1518 1897 viventium
1555 1855 1841 1897 multitudinem
1877 1864 1914 1898 et

452 1918 566 1962 lustum
593 1920 688 1962 Noe
717 1934 765 1962 ex
794 1920 940 1962 diluvio
975 1921 1016 1962 in
1044 1935 1130 1962 arca
1160 1921 1332 1975 eripuisti
1366 1935 1442 1962 una
1471 1935 1560 1962 curn
1597 1929 1674 1962 octo
1702 1921 1913 1971 animabus,

452 1980 544 2026 finem
570 1984 732 2040 quidem
763 1998 915 2036 eorum,
949 1987 1015 2040 qui
1044 1986 1332 2041 praeterierant,
1367 1986 1560 2039 originem
1590 1999 1685 2027 vero
1714 2000 1914 2028 successu-

452 2060 576 2101 rorum;
605 2050 673 2105 qui
703 2048 945 2091 horrendum
973 2051 1107 2104 ignem
1136 2050 1319 2092 adversus
1339 2050 1638 2092 Sodomitanam
1668 2050 1911 2106 pentapolim
1935 2059 1977 2091 25

452 2115 624 2157 :oncitasti
669 2122 708 2156 et
749 2121 891 2156 terram
917 2115 1157 2170 frugiferam
1196 2117 1236 2157 in
1268 2115 1496 2169 salsuginem
1528 2123 1676 2170 propter
1711 2118 1912 2171 nequitiam

452 2176 528 2220 '11ius
561 2179 774 2221 incolarum
814 2180 999 2234 redegisti,
1042 2194 1087 2222 ac
1126 2187 1303 2222 sanctum
1342 2180 1416 2222 Lot
1457 2195 1504 2222 ex
1544 2180 1727 2222 incendio
1767 2182 1911 2223 eruisti.

452 2252 491 2296 23.
515 2243 579 2286 Tu
599 2258 656 2296 es,
685 2244 753 2300 qui
772 2244 967 2286 Abraham
987 2244 1155 2286 liberasti
1174 2246 1272 2286 avita
1292 2246 1490 2299 impietate
1511 2252 1550 2286 et
1569 2244 1706 2286 mundi
1726 2245 1911 2287 heredem

452 2309 658 2351 :onstituisti
692 2309 843 2364 ipsique
877 2308 1076 2351 Christum
1114 2316 1226 2351 tuum
1261 2323 1444 2364 apparere
1470 2308 1613 2357 fecisti;
1651 2310 1717 2364 qui
1751 2310 1912 2351 Melchi-

453 2372 535 2416 edec
564 2372 798 2428 pontificem
828 2372 947 2415 divini
975 2374 1099 2416 cultus
1129 2374 1351 2428 designasti,
1385 2374 1505 2415 multa
1534 2388 1689 2428 passum
1721 2374 1907 2415 famulum
1935 2382 1977 2413 30

452 2528 469 2558 0
483 2524 543 2568 τὴν
556 2530 603 2565 >
618 2525 642 2559 h
661 2528 665 2554 1
690 2528 727 2559 11
748 2522 885 2569 τρυφὴν
905 2525 928 2558 h
947 2527 953 2567 Ι
975 2528 1014 2560 12
1031 2523 1208 2568 κοιμήσας
1233 2525 1253 2558 d
1271 2525 1292 2558 h
1309 2537 1328 2557 v
1349 2527 1354 2568 Ι
1373 2520 1471 2570 ὅρκῳ
1490 2536 1509 2558 a
1525 2536 1532 2559 z
1549 2520 1622 2568 ὅρω
1642 2524 1688 2558 rel
1708 2526 1712 2566 Ι
1736 2528 1775 2558 13
1792 2518 1866 2567 ὅρω
1885 2536 1912 2566 a,

452 2588 494 2613 :rr
514 2584 548 2613 a*
566 2581 573 2621 Ι
595 2583 636 2614 15
659 2576 909 2622 ἀναρίθμητον
930 2579 953 2612 h
975 2590 1010 2613 m
1028 2582 1071 2620 vl
1097 2582 1135 2614 16
1159 2577 1332 2618 ἐκόλυσας
1355 2590 1384 2619 a,
1408 2590 1481 2613 corr
1504 2584 1537 2612 a·-'
1556 2581 1561 2621 Ι
1586 2582 1622 2613 19
1640 2579 1859 2621 μετέθεικας
1883 2579 1913 2619 d,

452 2634 626 2677 ετέθηκας
648 2644 682 2667 m
706 2644 728 2665 v
748 2636 751 2671 Ι
772 2635 815 2668 23
838 2631 880 2666 τὸ
902 2637 946 2673 >
968 2633 992 2666 h
1015 2645 1034 2666 v
1055 2636 1058 2676 Ι
1080 2637 1120 2668 27
1145 2636 1340 2676 σοόομικῆς
1362 2633 1384 2666 h
1409 2636 1414 2674 Ι
1441 2637 1483 2668 30
1506 2631 1708 2676 ῥυσάμενος
1733 2635 1769 2673 -1-
1796 2631 1838 2666 ἐκ
1861 2633 1881 2665 d
1907 2634 1911 2676 Ι

452 2683 1007 2731 ζσῆςεπᾰσηςάῑότὸναᾱ

461 2861 512 2886 ao.
535 2850 588 2886 ef.
611 2850 685 2892 VII,
715 2858 767 2893 34,
791 2850 821 2884 8.

459 2914 509 2940 22.
534 2905 586 2941 Cf.
610 2905 688 2944 VH,
715 2912 766 2947 35,
794 2912 842 2938 ιο.
868 2922 905 2928 -
932 2905 1014 2939 Νῶε
1037 2905 1126 2947 mk]
1151 2904 1202 2938 Cf.
1226 2905 1303 2938 Iust.
1328 2904 1458 2947 Dialog.
1483 2914 1510 2936 c.
1537 2904 1606 2946 138.
