2457 3436
788 344 1053 375 APosmmRuu
1081 344 1161 382 v111,
1191 346 1243 383 12,
1265 346 1404 378 43-48.
1765 335 1843 374 513

453 455 478 481 n
506 440 738 482 sublimitate
764 448 864 490 sunt,
894 447 934 482 et
961 453 1034 495 pro
1063 447 1206 481 cuncto
1236 441 1419 491 exercitu,
1454 447 1496 482 ut
1525 455 1586 482 res
1616 448 1772 482 nostrae
1801 441 1842 481 in

461 513 685 555 versentur,
714 518 794 560 quo
822 512 951 546 totum
968 505 1073 546 ,vitae
1102 512 1259 546 nostrae
1286 512 1442 559 tempus
1470 506 1509 546 in
1531 506 1660 560 quiete
1689 513 1728 547 et
1747 519 1842 547 con-

452 571 487 611 ia
517 570 707 624 degentes
735 577 775 611 te
794 568 1060 623 glorificemus
1088 583 1157 624 per
1176 570 1296 610 Iesum
1320 568 1510 611 Christum
1537 578 1636 625 spem
1665 578 1843 612 nostram.

452 634 591 677 Adhuc
619 633 821 677 offerimus
848 634 918 676 tibi
947 647 1019 689 pro
1048 634 1232 676 omnibus
1261 635 1417 686 sanctis,
1447 635 1513 689 qui
1542 649 1563 675 a
1583 635 1737 676 saeculo
1767 635 1845 690 pla-

452 707 517 741 mt
555 699 637 750 tibi,
674 699 912 754 patriarchis,
949 699 1165 754 prophetis,
1203 700 1325 749 iustis,
1359 699 1562 754 apostolis,
1600 699 1843 754 martyribus,

452 764 657 815 essoribus,
692 765 899 819 episcopis,
934 764 1182 819 presbyteris,
1219 764 1408 815 diaconis,
1437 763 1695 814 subdiaconis,
1724 763 1845 806 lecto-

452 846 470 880 ε,
500 829 739 880 cantoribus,
766 828 994 882 virginibus,
1023 828 1295 880 viduis-laicis
1317 836 1355 870 et
1380 828 1576 879 omnibus,
1605 843 1773 884 quorum
1801 836 1845 870 tu

452 896 460 936 ἰ
488 895 666 936 nomina.
714 908 780 947 44.
808 893 948 935 Adhuc
974 893 1176 935 offerimus
1204 893 1273 935 tibi
1293 907 1364 948 pro
1394 894 1542 949 populo
1572 894 1662 945 hoc,
1691 901 1734 935 ut
1754 908 1844 935 eum

453 959 578 1001 .udem
599 959 746 1001 Christi
767 959 823 1000 tui
850 959 1031 1001 exhibeas
1050 958 1178 1013 regale
1196 959 1457 1009 sacerdotium,
1483 966 1631 1013 gentem
1653 966 1822 1000 sanctam
1828 974 1847 1008 ,-

452 1026 512 1075 iis,
543 1025 610 1079 qui
636 1025 678 1065 in
697 1024 920 1078 virginitate
948 1031 988 1065 et
1015 1024 1189 1066 castitate
1206 1024 1364 1075 vivunt;
1393 1037 1466 1077 pro
1485 1024 1611 1065 viduis
1641 1023 1844 1075 ecclesiae;

457 1090 520 1141 iis,
560 1090 626 1144 qui
660 1089 701 1130 iu
730 1089 876 1143 nuptiis
911 1089 1088 1131 honestis
1122 1103 1167 1130 ac
1201 1090 1241 1129 in
1272 1090 1603 1143 progeneratione
1631 1087 1844 1131 liberorum

453 1162 522 1206 ,ut;
542 1168 615 1208 pro
635 1153 846 1196 infantibus
866 1151 1108 1208 plebis'tuae,
1124 1161 1166 1195 ut
1185 1155 1387 1195 neminem
1404 1161 1584 1195 nostrum
1604 1153 1845 1195 reiciendum

452 1233 508 1261 as.
555 1231 622 1272 45.
649 1217 791 1260 Adhuc
811 1219 1012 1272 poscimus
1029 1226 1070 1260 te
1089 1232 1161 1272 pro
1181 1218 1277 1260 urbe
1297 1218 1367 1260 hac
1388 1226 1428 1260 et
1450 1218 1707 1262 habitantibus
1728 1219 1766 1260 in
1789 1233 1846 1269 ea,

452 1284 639 1337 aegrotis,
676 1297 750 1337 pro
779 1282 873 1325 dura
905 1284 1092 1325 servitute
1125 1282 1289 1334 afflictis,
1325 1298 1396 1338 pro
1426 1283 1612 1334 exulibus,
1646 1297 1718 1338 pro
1756 1297 1846 1337 pro·

452 1349 517 1399 tis,
545 1361 619 1403 pro
649 1348 920 1402 navigantibus
949 1355 989 1389 et
1015 1349 1089 1390 iter
1116 1347 1358 1399 facientibus,
1388 1355 1430 1390 ut
1449 1349 1630 1390 omnium
1659 1350 1712 1390 sis
1740 1349 1845 1391 auxi-

452 1428 479 1462 ι’,
515 1413 695 1454 omnium
725 1413 876 1454 adiutor
903 1426 950 1454 ac
977 1413 1160 1468 defensor.
1216 1415 1283 1467 46.
1312 1413 1452 1455 Adhuc
1482 1427 1668 1467 rogamus
1695 1421 1734 1455 te
1773 1427 1845 1468 pro

452 1478 516 1533 qui
542 1477 698 1519 oderunt
725 1492 790 1519 nos
818 1486 852 1519 et
881 1486 1031 1533 propter
1058 1492 1189 1520 nomen
1228 1486 1333 1519 tuum
1363 1492 1428 1519 nos
1453 1486 1740 1534 persequuntur,
1773 1492 1846 1533 pro

452 1542 623 1597 1uiforis
650 1550 743 1584 sunt
772 1550 810 1584 et
831 1551 972 1593 errant,
1002 1551 1045 1585 ut
1071 1542 1238 1585 adducas
1258 1557 1327 1585 eos
1356 1543 1403 1585 ad
1432 1543 1583 1585 bonum
1613 1551 1651 1585 et
1670 1543 1846 1584 furorem

455 1622 497 1649 m
519 1608 689 1661 mitiges.
737 1621 804 1661 47.
828 1607 975 1649 Iterum
995 1622 1182 1661 rogamus
1201 1615 1240 1649 te
1260 1622 1332 1662 pro
1353 1607 1537 1649 ecclesiae
1558 1607 1847 1649 catechumenis

1870 1032 1911 1063 10

1871 1354 1911 1387 15

452 1686 497 1714 ro
524 1673 585 1723 iis,
614 1674 681 1727 qui
708 1672 755 1714 ab
775 1671 996 1714 adversario
1026 1674 1227 1723 iactantur,
1257 1680 1297 1714 et
1321 1687 1393 1727 pro
1424 1673 1698 1726 paenitentiam
1728 1686 1845 1726 agen·
1869 1679 1911 1710 25

452 1754 456 1774 ι
484 1737 665 1779 fratribus
696 1738 854 1788 nostris,
883 1744 926 1779 ut
954 1737 1103 1791 primos
1123 1737 1281 1792 quidem
1312 1737 1488 1792 perficias
1517 1738 1556 1779 in
1586 1735 1676 1787 fide,
1705 1737 1848 1779 alteros

492 1801 661 1844 mundes
701 1816 722 1843 a
761 1803 969 1843 vexatione
1009 1801 1112 1853 mali,
1153 1803 1359 1843 tertiorum
1398 1809 1529 1843 autem
1570 1803 1845 1856 paenitentiam

453 1868 540 1923 :pias
569 1866 854 1921 condonesque
874 1880 963 1907 cum
993 1867 1039 1907 iis
1066 1874 1150 1908 tum
1181 1866 1295 1908 nobis
1320 1866 1458 1908 delicta
1486 1874 1632 1908 nostra.
1679 1868 1745 1919 48.
1776 1866 1848 1908 Of-

452 1946 516 1974 1us
544 1945 703 1987 quoque
723 1931 792 1973 tibi
821 1945 893 1987 pro
922 1931 1021 1972 aeris
1045 1939 1308 1985 temperatura
1338 1939 1376 1973 et
1405 1931 1561 1985 frugum
1592 1931 1777 1982 ubertate,
1807 1939 1849 1973 ut

452 2094 635 2138 nartyribus
659 2093 768 2127 oblata
793 2093 893 2126 fuisse
914 2098 1073 2126 testantur
1139 2104 1213 2127 cum
1242 2099 1402 2138 martyres
1432 2104 1474 2127 eo
1502 2093 1578 2127 loco
1609 2095 1782 2128 recitantur
1810 2095 1850 2129 ad

471 2148 659 2193 Cyprianus
677 2147 737 2189 Ep.
756 2157 795 2190 39
811 2158 838 2181 c.
854 2156 868 2190 3
887 2146 945 2189 (cf.
959 2147 1018 2190 Ep.
1034 2155 1071 2180 12
1139 2147 1239 2181 altare
1263 2148 1335 2187 Dei,
1366 2148 1419 2181 ubi
1449 2158 1516 2181 nou
1542 2159 1600 2191 pro
1623 2150 1700 2192 ipsis
1724 2156 1848 2189 oretur;

468 2209 501 2236 et
526 2202 791 2246 Chrysostomus
814 2201 852 2234 In
874 2202 958 2234 Acta
980 2202 1073 2234 hom.
1139 2212 1199 2245 pro
1222 2202 1339 2234 ceteris
1362 2207 1471 2235 autern
1501 2203 1770 2236 commemoratis
1794 2203 1849 2236 de-

462 2266 483 2297 4
501 2255 577 2299 (PG
594 2255 648 2295 60,
670 2257 756 2299 170).
786 2254 928 2299 Cyrillus
945 2255 1071 2289 Hieros.
1139 2255 1256 2288 functis
1280 2262 1404 2296 oratur;
1434 2256 1549 2289 iniuria
1578 2262 1628 2289 est
1656 2257 1745 2290 enim
1770 2268 1789 2300 p
1803 2268 1850 2290 ro

452 2311 494 2344 :h.
519 2314 620 2355 myst.
640 2309 680 2349 V,
699 2320 719 2354 9
736 2315 846 2343 autem
869 2309 988 2350 scribit,
1011 2319 1073 2342 nos
1140 2315 1281 2354 martyre
1298 2319 1402 2350 orare,
1418 2311 1509 2342 cuius
1524 2320 1586 2343 nos
1601 2310 1759 2343 debemus
1778 2321 1849 2343 ora-

452 2375 472 2397 n
505 2364 671 2397 recordari
703 2360 986 2406 (μνημονεύειν),
1020 2364 1074 2408 qui
1140 2364 1281 2397 tionibus
1305 2364 1544 2403 commendari;
1577 2374 1614 2396 ac
1642 2364 1791 2397 similiter
1814 2364 1850 2397 In

452 2419 617 2458 finierunt,
646 2418 787 2461 primum
811 2417 1073 2460 patriarcharum,
1140 2417 1264 2461 Evang.
1287 2417 1400 2450 Ioann.
1424 2422 1515 2450 tract.
1539 2418 1582 2457 84
1604 2428 1632 2450 c.
1660 2427 1672 2450 1
1706 2418 1775 2460 (PL
1803 2427 1851 2460 35,

453 2478 606 2513 netarum,
630 2471 868 2515 apostolorum,
884 2477 1073 2515 martyrum,
1144 2471 1252 2513 1847).
1298 2470 1350 2504 Cf.
1385 2471 1422 2504 E.
1451 2470 1580 2512 Lucius,
1612 2471 1675 2504 Die
1703 2472 1853 2515 Ansdnge

455 2536 514 2560 eus
543 2525 696 2570 precibus
726 2531 759 2558 et
787 2525 1075 2559 intercessionibus
1140 2526 1192 2558 des
1215 2525 1445 2568 Het‘ligenkults
1472 2534 1553 2569 1904
1577 2536 1606 2569 p.
1631 2526 1695 2559 280
1717 2536 1764 2569 sq.
1807 2524 1811 2527 “

452 2591 473 2613 u
510 2586 661 2613 nostram
691 2579 876 2613 orationem
905 2579 1074 2623 suscipiat;
1184 2588 1236 2619 44.
1261 2579 1414 2622 Virgines
1438 2584 1471 2612 et
1493 2579 1619 2619 viduae,
1642 2590 1776 2624 quarum
1800 2580 1851 2613 hic

452 2635 559 2668 uiliter
574 2633 721 2677 Liturgia
739 2633 860 2673 lacobi,
883 2632 1075 2677 Brightman
1141 2634 1266 2666 mentio
1295 2632 1340 2673 fit,
1369 2640 1444 2666 sunt
1473 2643 1542 2673 eae,
1571 2643 1654 2677 quae
1683 2634 1715 2666 in
1739 2635 1852 2668 ordine

452 2699 467 2722 ⁷.
518 2688 727 2732 Augustinus
761 2687 859 2720 etiarn
893 2692 981 2721 vetat
1015 2697 1075 2731 pro
1141 2687 1303 2731 virgiuum
1338 2698 1376 2720 ac
1405 2687 1575 2720 viduarum
1602 2698 1669 2721 non
1698 2694 1773 2721 sunt
1803 2699 1852 2722 re-

452 2743 554 2782 (ribus
579 2742 665 2775 orari
689 2741 794 2775 Serm.
821 2751 881 2785 159
903 2752 931 2775 c.
958 2751 970 2775 1
1006 2741 1075 2784 (PL
1141 2747 1266 2785 ceptae.

452 2796 507 2840 58)
529 2796 695 2830 scribens:
719 2795 798 2829 Ideo
820 2795 917 2829 habet
940 2795 1075 2829 ecclesi·
1184 2804 1237 2837 45.
1260 2793 1401 2838 βοηθὸς
1424 2796 1485 2829 καὶ
1508 2793 1746 2839 ἀντιλήπτωρ]
1770 2796 1821 2829 Cf.
1840 2796 1854 2829 1

452 2851 660 2895 idisciplina,
676 2850 763 2894 quod
779 2848 891 2882 fideles
902 2855 1075 2889 noverunt,
1143 2848 1249 2882 Clem.
1277 2858 1324 2892 59,
1348 2858 1384 2889 4;
1408 2849 1484 2882 lust.
1508 2849 1638 2893 Dialog.
1662 2860 1690 2882 c.
1718 2859 1766 2892 30.

453 2916 544 2946 unx,
569 2905 703 2939 Dmasc.
727 2915 765 2939 ετ
787 2904 934 2938 Cous-nr.
958 2915 1008 2938 ΑΡ.
1054 2905 1077 2938 1.
1684 2907 1726 2938 33
