2457 3436
904 388 1106 418 memsuis
1135 389 1401 418 mammeas.
1821 380 1894 418 107

406 483 633 525 meretrices
653 491 887 535 sustentans,
917 491 981 525 aut
1001 483 1151 525 desinat
1171 491 1236 526 aut
1255 485 1444 526 reiciatur.
1495 497 1531 538 3.
1560 485 1600 526 Si
1619 486 1704 540 quis
1724 485 1897 540 sculptor

407 548 468 589 vel
499 549 626 603 pictor
655 556 726 599 est,
756 548 991 599 erudiantur,
1021 564 1071 590 ne
1096 549 1198 590 idola
1218 548 1376 600 faciant3
1405 557 1469 591 aut
1490 549 1667 591 desinant
1695 558 1761 591 aut
1788 551 1896 591 reici-

406 620 532 654 antur.
581 628 619 666 4.
650 613 690 654 Si
719 614 803 668 quis
832 615 1009 655 scenicus
1039 620 1098 655 est
1125 613 1187 655 vel
1214 614 1431 669 spectacula
1460 615 1498 655 in
1527 615 1681 656 theatro
1701 614 1802 665 facit,
1831 624 1896 657 aut

407 677 560 719 desinat
588 686 653 719 aut
681 679 870 720 reiciatur.
930 691 966 731 5.
1002 679 1040 719 Si
1076 678 1256 732 parvulos
1293 679 1430 729 erudit,
1465 680 1614 721 bonum
1651 679 1809 735 quidem
1838 688 1897 722 est

407 757 497 784 eum
528 742 724 794 desinere;
766 745 822 784 sin
860 751 982 785 artem
1019 758 1100 784 non
1138 743 1264 795 habet,
1305 745 1529 798 ignoscatur
1558 745 1605 785 ei.
1663 746 1699 785 6.
1736 745 1894 798 Auriga,

406 807 585 849 similiter
603 822 784 862 pugnans
803 808 864 850 vel
884 822 1057 863 pugnam
1079 807 1342 863 frequentans,
1365 817 1430 850 aut
1451 808 1600 851 desinat
1620 817 1684 850 aut
1703 810 1893 852 reiciatur.

406 886 442 926 7.
474 873 556 923 Qui
584 873 776 927 gladiator
804 881 862 915 est
889 873 951 915 vel
971 873 1202 927 gladiatores
1223 888 1397 928 pugnare
1426 874 1544 916 docet
1571 873 1633 915 vel
1653 881 1816 916 venator
1837 882 1895 916 est

405 951 552 979 venans
586 937 649 979 vel
683 937 847 979 famulus
881 937 1056 992 publicus
1093 939 1133 979 in
1169 938 1262 979 ludo
1297 938 1527 992 gladiatorio
1564 947 1788 994 occupatuS,
1830 947 1896 981 aut

405 1002 586 1044 desinant
614 1010 679 1044 aut
707 1004 927 1044 reiciantur.
976 1004 1013 1044 8.
1042 1003 1124 1053 Qui
1145 1002 1327 1045 sacerdos
1356 1002 1552 1044 idolorum
1583 1011 1641 1045 est
1668 1011 1734 1046 aut
1763 1012 1894 1046 custos

405 1067 618 1118 idolorum,
647 1075 712 1109 aut
742 1067 892 1110 desinat
920 1076 985 1110 aut
1004 1069 1193 1109 reiciatur.
1242 1081 1278 1121 9.
1309 1067 1434 1118 Miles,
1463 1069 1529 1123 qui
1550 1069 1589 1109 in
1610 1076 1802 1123 potestate
1823 1078 1894 1120 est,

405 1147 454 1173 ne
485 1133 587 1173 sinas
624 1147 713 1173 eum
749 1133 931 1174 homines
966 1131 1203 1184 interficere;
1237 1133 1270 1173 si
1305 1132 1468 1184 iubetur,
1504 1148 1554 1175 ne
1590 1134 1692 1175 sinas
1727 1149 1817 1175 eum
1852 1149 1895 1176 se

405 1197 614 1238 obtrudere
649 1211 776 1252 neque
812 1198 955 1249 iurare;
998 1198 1029 1238 si
1066 1212 1162 1239 vero
1204 1212 1286 1239 non
1325 1197 1418 1249 vult,
1460 1199 1648 1240 reiciatur.
1711 1212 1769 1240 10.
1812 1199 1894 1249 Qui

406 1268 645 1316 potestatem
673 1262 789 1316 gladii
820 1262 933 1304 habet
960 1262 1022 1304 vel
1051 1270 1180 1304 rector
1208 1262 1311 1304 urbis
1341 1270 1398 1305 est
1428 1277 1594 1318 purpura
1622 1265 1796 1315 vestitus,
1831 1273 1895 1306 aut

405 1326 559 1369 desinat
586 1335 651 1369 aut
678 1328 869 1369 reiciatur.
931 1341 990 1369 11.
1026 1327 1067 1369 Si
1096 1328 1398 1369 catechumenus
1427 1328 1488 1369 vel
1518 1328 1641 1370 fidelis
1671 1328 1781 1370 miles
1810 1328 1893 1371 fieri

402 1391 499 1443 vult,
540 1393 765 1444 reiciantur3
809 1407 899 1433 narn
939 1393 1069 1434 Deum
1111 1400 1445 1446 contempserunt.
1508 1406 1567 1434 12.
1607 1393 1792 1435 Meretrix
1833 1395 1894 1435 vel

403 1456 628 1511 paedicator
669 1458 730 1499 vel
769 1458 832 1512 qui
875 1472 916 1498 se
958 1458 1135 1499 castravit
1170 1458 1231 1499 vel
1265 1457 1365 1499 aliud
1399 1458 1608 1512 quidquam
1644 1458 1746 1509 fecit,
1787 1459 1894 1514 quod

403 1520 534 1563 dicere
565 1521 671 1563 nefas
701 1530 772 1573 est,
802 1523 1027 1573 reiciantur3
1057 1530 1147 1563 sunt
1176 1523 1281 1564 enim
1309 1522 1457 1577 polluti.
1511 1535 1570 1576 13.
1602 1523 1707 1577 Magi
1736 1537 1893 1578 quoque

403 1601 454 1627 ne
489 1587 537 1628 ad
573 1601 736 1628 examen
770 1587 1021 1629 adducantur.
1079 1588 1302 1629 incantator
1340 1587 1401 1628 vel
1437 1587 1657 1642 astrologus
1692 1588 1752 1629 vel
1787 1596 1893 1630 vates

402 1652 465 1694 vel
494 1653 683 1706 interpres
713 1653 960 1694 somniorum
991 1652 1052 1693 vel
1076 1653 1141 1707 qui
1161 1652 1290 1694 turbas
1310 1653 1479 1694 concitat
1497 1652 1557 1694 vel
1579 1652 1748 1694 fimbrias
1778 1655 1893 1695 vesti-

401 1725 631 1759 mentorum
662 1716 838 1768 destruit,
868 1717 944 1759 hoc
965 1725 1023 1758 est
1044 1717 1149 1758 enirn
1170 1716 1400 1771 ψελλιστής,
1429 1717 1492 1758 vel
1520 1718 1584 1772 qui
1604 1717 1770 1759 amuleta
1790 1717 1891 1768 facit,

401 1789 467 1824 aut
488 1781 666 1824 desinant
689 1790 754 1823 aut
773 1782 992 1824 reiciantur.
1041 1796 1101 1834 14.
1124 1782 1354 1823 Concubina
1374 1782 1532 1823 alicuius
1553 1797 1674 1833 serva,
1695 1783 1726 1823 si
1747 1782 1890 1824 liberos

401 1861 496 1889 suos
526 1848 685 1889 nutrivit
714 1838 832 1902 atque*
857 1846 907 1888 illi
938 1846 1012 1888 soli
1040 1848 1248 1889 coniuncta
1274 1855 1343 1898 est,
1373 1847 1518 1899 audiat;
1548 1848 1607 1888 sin
1633 1848 1753 1897 aliter,
1782 1849 1891 1889 reici-

401 1919 500 1954 atur.
565 1924 622 1965 15.
660 1913 731 1954 Vir
766 1912 1024 1954 concubinam
1061 1912 1207 1953 habens
1242 1912 1393 1954 desinat
1431 1926 1474 1952 ac
1509 1912 1724 1954 secundum
1760 1913 1889 1966 legem

401 1991 567 2019 uxorem
589 1977 703 2018 ducat
711 1994 722 2028 3
749 1979 780 2018 si
800 1992 895 2018 vero
917 1991 998 2018 non
1020 1977 1114 2027 vult,
1136 1978 1324 2018 reiciatur.
1368 1979 1428 2018 16.
1450 1976 1489 2017 Si
1509 1976 1651 2031 aliquid
1672 1978 1890 2028 omisimus,

401 2057 464 2083 res
494 2042 692 2084 docebunt
719 2057 811 2094 vos;
840 2057 931 2083 nam
962 2057 1102 2084 omnes
1131 2042 1310 2096 spiritum
1339 2043 1413 2083 Dei
1444 2042 1642 2083 habemus.

455 2140 532 2181 XII
560 2139 693 2195 (xm).
724 2142 784 2183 De
812 2144 1016 2192 tempore
1044 2142 1234 2182 verbum
1262 2141 1562 2187 audientiumz
1591 2141 1837 2183 secundum

894 2207 1071 2257 opificia
1100 2210 1148 2248 et
1175 2207 1402 2248 seientias.

516 2294 548 2321 1.
580 2280 864 2322 Catechumeni
893 2295 961 2335 per
988 2289 1067 2322 tres
1096 2295 1221 2322 annos
1251 2281 1412 2323 verbum
1442 2281 1609 2323 audiant.
1668 2293 1704 2322 2.
1736 2281 1775 2321 Si
1805 2282 1889 2334 quis

400 2353 531 2386 autem
567 2345 741 2386 studiose
776 2360 817 2387 se
853 2347 953 2399 gerit
987 2360 1030 2386 ac
1064 2345 1165 2387 bene
1200 2353 1419 2400 perseverat
1454 2347 1491 2386 in
1528 2360 1582 2395 re,
1617 2360 1698 2386 non
1735 2353 1890 2399 tempus

401 2410 602 2460 iudicatur,
632 2410 700 2452 sed
730 2424 862 2452 mores
892 2412 986 2460 eius,
1016 2411 1081 2465 qui
1110 2410 1337 2452 iudicandus
1367 2418 1435 2452 est.

509 2511 551 2542 25
576 2507 589 2540 Ι
613 2507 690 2541 Cor.
715 2517 743 2550 7.
767 2517 824 2549 403
849 2507 889 2541 cf.
911 2508 1023 2542 Ioann.
1047 2507 1078 2547 6,
1100 2517 1151 2549 45.

509 2598 610 2635 24s25
634 2594 661 2627 si
682 2613 719 2618 —
737 2604 797 2627 vos
821 2594 851 2627 'I‘
875 2606 883 2627 :
907 2595 933 2627 si
957 2593 1088 2638 aliquod
1103 2593 1188 2627 aliud
1206 2604 1288 2637 opus
1306 2594 1561 2638 postposuimus,
1586 2604 1685 2638 opera
1709 2594 1807 2627 stulta
1832 2605 1892 2627 vos

401 2654 622 2691 purgaverunt
644 2648 667 2681 S

401 2735 519 2778 integri
543 2736 612 2768 sive
630 2712 816 2768 suniinatim
834 2711 932 2768 etiam
951 2736 984 2768 in
1001 2735 1110 2768 Cano·
1224 2710 1452 2769 *16.-similite}
1476 2711 1614 2774 XXXlI,
1634 2735 1672 2777 38
1695 2711 1748 2767 vel
1771 2711 1804 2767 in
1819 2711 1891 2768 fine

401 2790 494 2823 nibus
511 2789 680 2834 Hippolyti
696 2795 729 2823 et
745 2790 776 2822 in
794 2789 1010 2823 Testamento
1024 2788 1065 2822 D.
1077 2799 1110 2822 n.
1179 2788 1366 2832 scripturae.
1406 2788 1614 2821 Terminatur
1632 2790 1684 2822 hic
1704 2799 1776 2833 pars
1793 2790 1890 2833 prior.

401 2842 562 2887 leguntur,
586 2844 704 2876 desunt
726 2847 835 2876 autem
859 2843 892 2876 in
917 2842 1110 2876 Constituti·
1222 2842 1456 2876 XII-XXXII
1480 2858 1521 2870 =
1545 2843 1701 2876 Canones
1720 2843 1891 2887 Hippolyti

401 2898 517 2930 onibus
540 2904 645 2942 apost.
670 2901 702 2930 et
724 2897 757 2930 in
781 2897 944 2940 Epitome.
1178 2907 1205 2930 c.
1217 2907 1296 2939 17—
1302 2906 1340 2940 37
1348 2909 1357 2938 3
1373 2896 1625 2930 Testamentum
1637 2897 1715 2931 D.n.
1724 2897 1763 2939 11,
1774 2907 1889 2940 3—25.

1941 758 1961 788 ὂ

1919 1082 1960 1112 10

1921 1404 1960 1436 15

1916 1728 1958 1758 20

1915 2051 1957 2083 25

1915 2430 1957 2460 30
