2457 3436
898 381 1099 412 sconsum
1126 380 1393 411 Aminneas.
1816 371 1894 409 113

763 509 896 551 XVIII
925 508 1100 565 (xnvm).
1129 511 1190 551 De
1216 511 1332 552 hora
1359 510 1535 551 edendi.

516 609 548 637 1.
579 595 749 647 Omnes,
777 597 1000 651 priusquam
1020 595 1168 647 bibunt,
1198 595 1355 638 calicem
1377 607 1534 637 sumant
1560 602 1599 637 et
1618 597 1758 650 gratias
1778 609 1895 650 super

403 675 493 703 eum
522 669 651 715 agant,
681 668 720 703 et
749 661 865 703 edant
893 676 937 703 ac
965 660 1108 712 bibant,
1139 661 1216 702 hoc
1236 661 1360 702 modo
1380 659 1583 715 purificati.
1635 674 1671 702 2.
1703 660 1894 702 Catechu-

402 726 530 768 menis
560 726 672 768 detur
700 727 810 781 panis
840 727 1049 768 exorcismi
1078 734 1117 768 et
1146 726 1253 768 calix.

401 844 500 886 XIX
520 844 664 900 (mx).
690 846 813 893 Quod
832 846 1019 888 dedecet
1036 846 1381 888 catechumenos
1399 855 1502 887 eum
1520 846 1726 886 fidelibus
1746 845 1894 886 edere.
1941 851 1960 882 5

515 945 549 973 1.
570 931 887 973 Catechumenos
905 932 945 973 in
965 946 1061 973 cena
1076 932 1241 973 Domini
1257 945 1307 972 ne
1323 932 1425 972 sinas
1441 945 1531 972 cum
1551 930 1726 972 fidelibus
1746 930 1894 973 sedere.

402 1007 440 1037 2.
472 996 555 1046 Qui
574 996 667 1047 edit,
698 997 780 1038 eius
801 1011 956 1038 memor
974 998 1037 1047 sit,
1066 997 1132 1052 qui
1152 1011 1243 1038 eum
1265 996 1453 1047 invitavit,
1484 997 1638 1051 quoties
1661 995 1751 1038 edit.
1799 996 1894 1038 Ideo

404 1062 511 1102 enim
540 1075 611 1103 eos
640 1063 778 1112 oravit,
808 1069 849 1103 ut
876 1061 948 1103 sub
976 1069 1124 1104 tectum
1154 1075 1266 1102 suum
1298 1062 1455 1103 intrent.

529 1190 609 1232 XX
640 1190 716 1246 (12).
752 1192 876 1239 Quod
904 1193 1035 1233 decet
1061 1192 1311 1243 prudentor
1339 1201 1393 1233 ae
1419 1192 1594 1233 modice
1621 1192 1769 1233 edere.

518 1290 549 1318 1.
586 1277 715 1319 Edatis
744 1292 787 1318 ac
816 1276 951 1318 bibatis
981 1291 1069 1319 cum
1100 1277 1312 1328 modestia;
1351 1291 1400 1318 ne
1430 1276 1577 1328 bibatis,
1608 1285 1650 1319 ut
1679 1276 1894 1328 ebriemini,
1920 1282 1960 1313 10

403 1357 453 1383 ne
483 1343 569 1397 quis
597 1357 669 1384 vos
705 1342 877 1384 derideat
913 1349 951 1385 et
984 1344 1030 1393 is,
1065 1343 1130 1397 qui
1165 1357 1237 1383 vos
1272 1343 1459 1392 invitavit,
1493 1343 1666 1384 tristetur
1703 1341 1751 1384 de
1770 1350 1897 1384 vestra

403 1407 716 1461 intemperantia,
737 1406 805 1448 sed
825 1415 868 1448 ut
887 1414 987 1457 oret,
1017 1414 1059 1448 ut
1077 1407 1199 1448 sancti
1220 1406 1269 1448 ad
1289 1421 1380 1448 eum
1401 1407 1546 1448 intrent
1554 1423 1565 1458 ;
1595 1420 1764 1460 namque
1784 1408 1894 1448 dixit:

409 1472 478 1512 Vos
507 1473 593 1512 estis
618 1472 679 1513 sal
706 1480 840 1513 terrae.
900 1484 936 1513 2.
972 1472 1013 1512 Si
1041 1462 1183 1513 omnes
1212 1479 1362 1513 vestrae
1398 1472 1602 1525 portiones
1637 1472 1752 1513 simul
1785 1471 1897 1512 vobis

403 1536 557 1586 dantur,
586 1545 692 1578 tuam
723 1544 874 1578 tantum
896 1538 1123 1591 portionem
1144 1551 1289 1578 sumes.
1344 1549 1378 1590 3.
1408 1536 1475 1577 Sin
1506 1535 1554 1578 ad
1575 1535 1772 1578 edendum
1802 1537 1897 1577 invi-

402 1602 556 1652 tamini,
587 1601 711 1643 modo
736 1601 871 1651 edatis,
900 1616 1022 1656 usque
1042 1601 1135 1643 dum
1157 1603 1362 1652 satiamini,
1392 1609 1433 1643 ut
1457 1603 1502 1652 is,
1531 1602 1597 1656 qui
1617 1615 1689 1643 vos
1709 1601 1895 1650 invitavit,
1923 1604 1961 1635 15

404 1681 462 1717 ea,
483 1680 583 1721 quae
602 1666 822 1721 reliquistis,
853 1667 907 1708 eis
928 1667 1067 1717 mittat,
1097 1666 1236 1721 quibus
1255 1667 1349 1716 vult,
1378 1667 1564 1721 quoniam
1587 1666 1768 1720 reliquiae
1788 1680 1897 1707 sanc—

403 1738 539 1772 torum
569 1738 672 1782 sunt,
701 1739 816 1787 atque
845 1731 1011 1785 gaudeat
1040 1746 1112 1773 vos
1141 1731 1188 1773 ad
1209 1732 1336 1787 ipsum
1360 1732 1527 1773 venisse.
1575 1746 1613 1785 4.
1643 1732 1746 1772 Cum
1777 1730 1897 1772 edunt

405 1797 569 1847 invitati,
600 1795 716 1838 edant
737 1798 776 1837 in
796 1797 1081 1851 tranquiilitate‚
1111 1811 1239 1851 neque
1260 1798 1299 1838 in
1319 1797 1398 1838 lite.
1449 1809 1484 1850 5.
1514 1796 1669 1847 Quodsi
1691 1797 1896 1851 episcopus

403 1860 572 1916 aliquem
595 1861 698 1903 iubet
718 1861 879 1903 verbum
900 1875 1098 1916 quaerere,
1118 1861 1354 1916 respondeat
1375 1862 1409 1903 ei
1417 1878 1428 1913 ;
1450 1869 1488 1903 et
1504 1862 1692 1916 episcopo
1713 1861 1897 1916 loquente

403 1940 548 1967 omnes
569 1926 707 1968 sileant
728 1926 766 1967 in
788 1926 994 1977 modestia,
1015 1926 1142 1968 donec
1162 1941 1293 1967 rursus
1314 1927 1540 1980 interrogat.
1578 1928 1614 1967 6.
1631 1926 1669 1967 Si
1690 1927 1895 1980 episcopus
1920 1929 1961 1959 20

404 2005 489 2032 non
519 1991 641 2042 adest,
675 1991 743 2033 sed
779 1991 914 2033 fideles
947 1998 1098 2033 tantum
1134 1992 1173 2032 in
1209 2005 1305 2033 cena
1334 1998 1436 2040 sunt,
1471 2005 1492 2031 a
1522 1991 1751 2045 presbytero
1782 1991 1897 2032 bene-

404 2056 623 2097 dictionem
644 2056 845 2110 accipiant,
867 2057 898 2097 si
919 2055 1027 2097 adest
1035 2073 1047 2107 ;
1068 2057 1099 2097 si
1119 2070 1202 2097 non
1223 2055 1344 2106 adest,
1365 2070 1386 2096 a
1402 2055 1569 2097 diacono
1591 2070 1676 2097 eam
1695 2057 1895 2110 accipiant.

405 2134 443 2174 7.
480 2120 665 2162 Similiter
695 2121 999 2162 catechumenus
1027 2136 1167 2176 panem
1200 2121 1408 2162 exorcismi
1436 2122 1609 2176 accipiat.
1667 2123 1704 2163 8.
1741 2121 1783 2162 Si
1814 2120 1895 2162 laici

403 2185 522 2227 simul
551 2191 642 2227 sunt
669 2186 754 2227 sine
783 2186 942 2236 clericis,
972 2185 1183 2240 prudenter
1212 2185 1347 2236 edant;
1376 2185 1606 2228 benedicere
1628 2194 1758 2228 autem
1781 2186 1897 2227 laicus

408 2265 492 2291 non
521 2258 664 2304 potest.
1922 2251 1963 2282 25

519 2384 559 2414 13
581 2380 696 2414 Matth.
723 2389 751 2422 ς,
780 2389 827 2423 13.

517 2503 537 2534 3
561 2505 592 2532 et
616 2499 715 2533 edant
737 2519 778 2524 —
802 2498 958 2543 purificati
989 2511 996 2532 :
1028 2525 1035 2533 .
1060 2525 1067 2534 .
1092 2525 1100 2532 .
1124 2501 1177 2544 qui
1208 2505 1396 2543 praesentes
1425 2500 1515 2539 estis,
1543 2505 1575 2532 et
1605 2500 1647 2532 ita
1670 2500 1845 2543 epulamini
1875 2501 1900 2533 L

409 2553 598 2597 fragmento
615 2553 660 2586 111
677 2554 851 2597 incipiente
872 2555 877 2592 Ι
896 2558 917 2587 4
941 2553 1022 2587 calix
1047 2566 1054 2587 :
1080 2553 1214 2587 calicem
1232 2553 1351 2597 singuli
1369 2553 1509 2587 offerant
1531 2552 1558 2586 L
1577 2555 1582 2596 Ι
1603 2558 1621 2587 7
1645 2554 1699 2598 qui
1723 2554 1787 2587 edit
1812 2567 1819 2587 :
1845 2566 1901 2598 per

408 2618 546 2641 omnem
568 2618 648 2641 vero
671 2607 873 2641 oblationem
897 2607 925 2641 L
950 2610 955 2651 Ι
982 2612 1022 2642 12
1045 2613 1117 2641 oret
1141 2620 1149 2641 :
1176 2611 1211 2648 ÷
1238 2614 1272 2641 ut
1296 2608 1414 2652 dignus
1438 2607 1594 2641 efficiatur
1616 2608 1642 2641 L
1662 2610 1666 2649 Ι
1689 2612 1786 2649 13115
1810 2609 1835 2641 si
1862 2629 1899 2635 --

410 2662 573 2695 satiamini
590 2674 597 2696 :
615 2663 641 2695 si
659 2662 878 2696 communiter
894 2672 974 2695 vero
991 2662 1143 2696 omnibus
1160 2662 1306 2695 oblatum
1323 2662 1428 2703 fuerit,
1451 2662 1539 2706 quod
1555 2662 1671 2695 dicitur
1687 2673 1805 2706 graece
1823 2674 1900 2707 apo-

411 2716 594 2759 phoretum,
619 2716 755 2760 accipite
779 2717 818 2749 ab
843 2726 885 2749 eo
893 2729 901 2757 3
925 2717 950 2749 si
974 2722 1095 2758 autem,
1119 2722 1155 2750 ut
1170 2727 1287 2749 ornnes
1304 2722 1446 2760 gustent,
1471 2716 1669 2750 sufficienter
1684 2722 1812 2761 gustate
1836 2717 1862 2750 L

518 2835 592 2876 XX,
619 2845 645 2868 1.
677 2835 831 2869 Similiter
854 2836 1115 2869 Constitutiones
1145 2840 1250 2879 apost.
1274 2835 1359 2876 VIII,
1383 2845 1435 2876 44,
1463 2846 1473 2869 ι
1508 2837 1548 2869 de
1572 2836 1675 2879 epulis
1698 2842 1901 2870 mortuorum

411 2895 559 2933 agentes.

477 2944 598 2986 Fun,
622 2945 753 2979 DmAsc.
775 2956 815 2978 m·
838 2945 985 2979 consur.
1007 2955 1057 2979 ΑΡ.
1102 2945 1141 2978 11.
1752 2949 1774 2979 8
