2457 3436
758 276 926 307 canones
955 276 1216 306 APOSTOLOTUM
1245 277 1526 307 uccnnslasrxci.
1797 264 1887 306 XLI

382 372 559 427 ἐσθίητε
587 372 667 415 τὸν
695 370 823 426 ἄρτον
841 376 1008 422 τοῦτον,
1036 375 1179 426 πίνητε
1200 373 1242 413 δὲ
1262 375 1329 413 καὶ
1348 372 1399 413 τὸ
1414 373 1618 425 ,ποτήριον
1646 376 1782 422 τοῦτο,
1811 373 1887 414 τὸν

387 437 492 490 ἐμὸν
512 436 707 479 θάνατον
725 439 1026 491 καταγγέλλετε,
1046 434 1159 490 ἄχρις
1178 434 1229 478 ἂν
1244 436 1371 486 ἔλθω,
1398 436 1502 491 13¹(.
1515 437 1886 493 .παρακαλοῦμεν),

396 503 462 555 15“’
483 502 577 557 (καὶ
595 506 773 556 ποίησον
794 502 917 557 κτλ).
967 502 1027 544 Cf.
1048 502 1152 545 Rom.
1176 502 1482 557 Quartalschrift
1506 515 1608 556 1904
1627 516 1664 556 p.
1690 514 1886 556 123—42.

503 567 701 622 Scriptura
730 582 818 609 cum
849 567 1207 609 Constitutionibus
1235 567 1521 622 apostolorum,
1558 581 1652 622 quas
1686 581 1763 609 una
1796 582 1884 609 cum

394 632 596 686 scripturis
623 633 851 688 propinquis
879 640 918 674 et
937 632 1083 687 aliquot
1102 632 1183 674 aliis
1204 631 1581 687 pseudoapostolicis
1609 632 1741 673 denuo
1772 631 1887 674 edere

397 697 493 739 mihi
522 699 772 752 propositum
802 705 873 749 est,
903 712 1145 753 nequaquam
1176 698 1360 740 cohaeret
1390 697 1539 752 (neque
1566 712 1698 739 earum
1718 696 1807 738 fons
1828 705 1886 738 est

397 775 527 817 neque
546 762 594 804 ab
613 763 670 804 eis
689 762 752 805 vel
769 777 790 804 a
803 762 1018 804 Didascalia
1037 762 1254 817 dependet)
1274 777 1403 818 neque
1422 763 1615 817 originem
1631 762 1884 816 apostolicam

398 840 488 882 prae
515 841 560 869 se
588 827 674 869 fert.
723 827 853 869 Altera
881 842 929 869 ex
957 835 1065 882 parte
1093 841 1215 882 aeque
1243 841 1287 869 ac
1316 827 1400 868 libri
1419 827 1494 868 V11
1519 835 1558 869 et
1578 827 1669 868 VIII
1688 827 1886 869 Constitu-

397 892 552 933 tionum
583 891 632 934 de
661 892 825 947 liturgia,
859 892 1054 948 baptismo
1084 900 1122 934 et
1151 891 1350 934 ordinibus
1385 893 1502 933 sacris
1531 892 1672 934 veteris
1702 892 1886 934 ecclesiae

400 957 672 1012 copiosissime
692 972 767 999 nos
786 956 925 1008 erudit,
952 964 1077 999 aetate
1098 957 1414 999 Constitutiones
1437 957 1553 998 etiam
1574 956 1689 1012 paulo
1718 964 1886 1011 superat,

401 1035 566 1077 cumque
595 1021 693 1072 libri,
722 1021 859 1077 quibus
887 1021 1088 1077 hucusque
1116 1021 1269 1075 vulgata
1298 1029 1370 1071 est,
1400 1020 1501 1063 haud
1522 1022 1653 1075 paucis
1678 1020 1886 1063 lectoribus

402 1100 513 1140 aegre
539 1094 697 1141 praesto
718 1079 808 1137 s'int,
838 1087 935 1127 mihi
955 1087 993 1127 in
1016 1087 1092 1127 hoc
1111 1094 1225 1127 tomo
1249 1100 1407 1141 quoque
1426 1085 1647 1140 recipienda
1667 1100 1752 1127 esse
1781 1085 1886 1127 vide-

403 1150 518 1193 batur.

504 1215 702 1270 Scriptura
731 1230 753 1257 e
780 1217 938 1269 triginta
967 1215 1207 1258 orationibus
1237 1223 1402 1266 constat,
1431 1229 1594 1271 quarum
1618 1215 1886 1270 duodeviginti

406 1279 458 1334 (in
478 1279 655 1322 editione
673 1279 902 1335 I-xvm)
921 1280 1116 1334 liturgiam
1137 1295 1206 1321 seu
1227 1281 1399 1331 missam,
1420 1288 1572 1335 septem
1593 1279 1826 1335 baptismum
1850 1289 1886 1322 et

406 1344 743 1387 confirmationem
751 1345 1059 1396 (XM—XXV),
1072 1353 1150 1387 tres
1167 1345 1325 1387 ordines
1341 1359 1472 1387 sacros
1485 1346 1887 1398 (XXVI—XXVIII),

407 1409 494 1452 duae
513 1410 650 1452 oleum
669 1417 922 1465 aegrotorum
939 1409 1122 1465 (XXIX)
1137 1417 1251 1465 atque
1265 1409 1501 1463 sepulturam
1519 1409 1681 1465 (XXX)
1698 1418 1886 1465 spectant.

408 1474 592 1517 Adiuncta
621 1483 681 1517 est
710 1475 748 1516 in
771 1473 907 1517 codice
936 1475 1097 1530 epistula
1127 1474 1360 1530 dogmatica,
1390 1475 1439 1517 de
1459 1483 1565 1529 patre
1594 1481 1633 1517 et
1651 1474 1733 1516 filio
1754 1489 1885 1528 agens.

409 1539 660 1582 Wobbermin
688 1554 775 1582 eam
803 1554 960 1596 quoque
989 1540 1128 1591 edidit;
1164 1554 1240 1594 ego
1276 1554 1362 1582 eam
1398 1539 1444 1581 ad
1474 1541 1722 1595 propositum
1753 1554 1884 1582 meum

408 1618 479 1646 non
508 1606 771 1659 pertinentem
802 1606 1082 1659 praetermitto.

505 1669 724 1712 Orationes
762 1670 800 1711 in
837 1669 973 1711 codice
1010 1683 1091 1711 non
1132 1669 1310 1711 ordinem
1348 1678 1657 1711 consentaneum
1695 1669 1886 1712 obtinent.

409 1733 538 1777 Preces
572 1735 714 1776 missae
749 1735 925 1788 inprimis
960 1735 1173 1777 disiunctae
1207 1743 1309 1776 sunt.
1367 1735 1458 1776 Pars
1494 1734 1669 1788 liturgiae
1705 1735 1887 1786 secunda,

409 1799 592 1856 incipiens
618 1814 641 1841 a
663 1799 922 1849 praefatione,
950 1801 989 1840 in
1020 1800 1130 1841 initio
1159 1800 1369 1853 scripturae
1399 1799 1529 1854 (num.
1555 1799 1705 1854 I—VI)
1735 1801 1887 1854 legitur,

409 1877 486 1918 pars
511 1865 640 1920 prima
669 1864 729 1920 (n.
750 1864 1048 1919 xlx-xxx)
1077 1866 1116 1905 in
1146 1863 1237 1915 fine,
1267 1863 1395 1905 addita
1422 1872 1551 1906 autem
1584 1864 1672 1906 huic
1701 1866 1797 1919 parti
1826 1866 1887 1907 vel

409 1929 558 1973 ultimae
586 1930 755 1971 orationi
783 1928 949 1971 rubrica:
979 1933 1106 1970 πᾶσαι
1134 1923 1255 1971 αὗται
1282 1926 1392 1982 εὐχαὶ
1411 1929 1697 1971 ἐπιτελοῦνται
1714 1930 1797 1984 ,πρὸ
1815 1935 1888 1984 τῆς

408 1992 514 2048 εὐχῆς
546 1993 801 2047 κροσφόρου.
857 1994 1072 2036 Orationes
1114 1994 1226 2036 huius
1260 1995 1378 2048 partis
1410 1995 1568 2048 insuper
1602 2009 1716 2050 saepe
1751 1995 1888 2038 ordine

408 2067 507 2102 recto
536 2066 683 2109 carent,
717 2066 759 2100 ut
788 2059 941 2100 numeri
979 2060 1129 2100 uncinis
1157 2059 1296 2101 inclusi
1324 2058 1551 2110 ostendunt,
1587 2074 1687 2115 quos
1716 2062 1889 2103 numeris

408 2124 591 2167 versionis
615 2123 757 2166 latinae
785 2123 900 2166 addo.
949 2125 1134 2166 Attamen
1163 2124 1335 2178 singulae
1365 2125 1564 2166 orationes
1593 2126 1632 2165 in
1664 2126 1886 2167 universum

406 2189 533 2232 saltem
549 2189 738 2231 inlocum
754 2189 846 2244 ipsis
861 2190 1165 2231 convenientem
1179 2189 1300 2243 redigi
1317 2197 1493 2244 possunt.
1526 2189 1679 2244 Sequor
1694 2189 1888 2238 ordinem,

408 2267 516 2309 quem
545 2254 774 2309 Brightman
803 2255 981 2304 restituit,
1009 2268 1031 2295 a
1058 2268 1138 2309 quo
1168 2255 1284 2296 etiam
1314 2254 1456 2296 Drews
1486 2268 1621 2308 parum
1652 2253 1829 2309 divergit.

505 2319 651 2362 Oratio
680 2317 887 2361 oblationis
916 2318 978 2361 vel
996 2318 1186 2361 Praefatio
1208 2318 1267 2374 (n.
1288 2319 1403 2373 XIII)
1432 2319 1686 2373 inscriptione
1710 2318 1758 2361 ad
1780 2320 1889 2361 Sera-

410 2385 561 2436 pionem
588 2383 766 2426 refertur.
814 2384 909 2425 Post
928 2384 1126 2425 orationes
1146 2383 1439 2425 ordinationum
1470 2383 1531 2424 vel
1556 2391 1645 2425 ante
1665 2385 1887 2426 orationem

411 2448 443 2490 in
460 2449 690 2491 unctionem
710 2448 1030 2504 baptizandorum
1048 2448 1206 2504 (XXII)
1221 2447 1346 2490 codex
1363 2448 1534 2491 exhibet:
1557 2452 1750 2501 Προσευχ.
1768 2461 1889 2500 σαρα-

412 2516 555 2563 xlmae
581 2513 811 2556 ἐπισκόπου
837 2515 1053 2567 θμουσέως
1082 2513 1128 2569 (l.
1157 2513 1381 2568 θμουέως).
1431 2513 1675 2555 Vocabulum
1704 2515 1889 2569 primum,

415 2584 449 2619 ut
463 2579 689 2633 Brightman
709 2578 895 2630 ostendit,
924 2578 1138 2633 legendum
1158 2585 1217 2621 est
1235 2580 1466 2632 προσευχαί,
1498 2592 1579 2619 non
1602 2579 1817 2633 προσευχή,
1848 2587 1890 2621 ut

417 2641 660 2687 Wobbermin
680 2644 841 2699 putavit.
889 2645 972 2685 Hac
991 2651 1086 2686 nota
1105 2658 1202 2698 ergo
1223 2644 1351 2699 plures
1371 2644 1570 2685 orationes
1590 2643 1791 2698 Serapioni
1812 2645 1890 2698 epi-

417 2708 756 2763 seopoThmuensi
774 2708 1044 2760 attribuuntur,
1057 2716 1123 2752 aut
1137 2723 1278 2751 omnes
1293 2716 1501 2763 sequentes
1508 2708 1638 2763 (num.
1647 2709 1889 2751 XV—XXX

419 2774 613 2817 secundum
642 2773 828 2816 ordinem
857 2773 1024 2829 codicis)
1054 2782 1119 2816 aut
1148 2775 1266 2816 series
1295 2775 1471 2828 proxima
1501 2774 1562 2829 (n.
1588 2774 1666 2815 XV
1675 2774 1890 2829 —XVIII).

468 2838 582 2882 Furit,
606 2841 741 2875 nmmo„
764 2848 804 2873 n·
826 2840 972 2874 Cous-nr.
997 2850 1047 2874 u.
1093 2840 1131 2873 Il.
1721 2840 1763 2873 1v
