2457 3436
818 395 1097 430 nost-omnum
1119 396 1199 432 vm,
1223 397 1273 435 ιε,
1299 398 1339 428 16
1349 398 1437 434 -15,
1458 396 1490 429 5.
1817 385 1895 425 519

455 494 611 546 iscopus
640 491 798 547 quidem
827 491 968 533 tribuat
995 491 1165 533 oblatam
1192 490 1343 533 dicens:
1374 491 1530 545 Corpus
1559 491 1725 543 Christi;
1760 499 1799 533 et
1828 493 1893 546 qui

454 557 553 611 :ipit,
584 556 838 611 respondeat:
867 557 1018 607 Amen;
1053 556 1240 598 diaconus
1269 569 1363 598 vero
1398 563 1529 598 teneat
1558 556 1715 598 calicem
1749 570 1792 598 ac
1820 564 1894 598 tra-

454 621 535 663 ndo
567 621 688 663 dicat:
718 620 883 676 Sanguis
907 621 1064 673 Christi,
1094 621 1190 662 calix
1214 622 1328 672 vitae,
1358 628 1397 662 et
1424 622 1490 676 qui
1519 620 1613 662 bibit
1640 620 1893 676 respondeat:

454 701 546 728 nen.
600 688 663 728 16.
692 686 866 727 Psalmus
884 693 1013 728 autem
1043 687 1261 728 tricesimus
1280 687 1418 727 tertius
1447 685 1606 736 dicatur,
1635 685 1729 727 dum
1758 685 1894 741 reliqui

454 765 545 793 mes
581 752 890 793 communicant.
952 764 1011 804 17.
1048 751 1230 806 Cumque
1265 751 1434 792 universi
1469 758 1509 792 et
1548 751 1750 792 universae
1785 764 1894 792 corn-

453 816 703 866 micaverint,
722 817 959 871 accipientes
979 815 1146 867 diaconi,
1167 830 1264 870 quae
1284 822 1503 870 supersunt,
1524 814 1692 857 inferant
1710 817 1748 857 in
1766 823 1894 872 pasto-

454 895 551 923 oria.

507 945 623 987 XIV.
645 945 693 987 Et
712 945 914 997 diaconus,
933 945 1090 1000 quando
1110 945 1175 1001 qui
1193 945 1318 1000 psallit
1338 944 1473 987 fecerit
1491 944 1625 996 finem,
1646 948 1893 1000 pronuntiet:

454 1010 615 1066 (XIV).
646 1010 837 1066 Percepto
866 1011 1041 1065 pretioso
1069 1024 1237 1065 corpore
1266 1018 1305 1052 et
1333 1011 1507 1064 pretioso
1536 1011 1726 1064 sanguine
1748 1010 1894 1052 Christi

453 1089 564 1117 amus
597 1076 742 1129 gratias
769 1076 818 1126 ei,
853 1076 918 1131 qui
947 1075 1090 1129 dignos
1126 1074 1253 1117 effecit
1282 1089 1370 1126 nos,
1405 1082 1447 1116 ut
1479 1075 1684 1129 participes
1719 1089 1894 1117 essemus

453 1148 631 1183 ictorum
660 1141 744 1182 eius
775 1141 1072 1195 mysteriorum3
1109 1153 1373 1195 rogemusque
1408 1139 1447 1181 id
1476 1139 1589 1181 nobis
1617 1154 1700 1181 non
1730 1141 1769 1181 in
1799 1140 1895 1181 iudi-

453 1219 504 1247 ιω
534 1220 581 1247 ac
610 1204 906 1247 damnationem
935 1204 1031 1255 fieri,
1059 1204 1130 1247 sed
1158 1205 1198 1246 in
1227 1205 1405 1255 salutem,
1434 1205 1474 1246 in
1505 1204 1709 1247 utilitatem
1738 1206 1893 1247 animae

466 1272 663 1325 corporiS,
691 1271 732 1312 in
751 1269 970 1312 custodiam
997 1270 1162 1325 pietatis,
1192 1270 1231 1311 in
1259 1270 1536 1312 remissionem
1557 1277 1821 1325 peccatorum,
1852 1271 1892 1312 in

453 1349 519 1377 am
557 1335 677 1377 futuri
710 1335 864 1377 saeculi.
932 1347 967 1388 3.
1001 1335 1233 1389 Surgamus:
1270 1335 1310 1375 in
1343 1335 1467 1389 gratia
1499 1335 1645 1377 Christi
1678 1349 1753 1377 nos
1787 1336 1894 1390 ipsos

453 1401 475 1441 li
501 1401 685 1454 ingenito
715 1400 805 1442 Deo
834 1410 873 1442 et
901 1399 1060 1442 Christo
1091 1401 1173 1441 eius
1201 1398 1541 1441 commendemus.

507 1465 603 1507 XV.
620 1467 751 1520 Atque
767 1466 974 1520 episcopus
987 1465 1196 1519 gratiarum
1211 1465 1409 1506 actionem
1425 1464 1613 1519 proferat:
1636 1477 1659 1506 2
1672 1465 1796 1517 (XV).
1810 1466 1894 1506 Do-

452 1532 509 1572 ine
528 1530 641 1572 Deus
670 1530 939 1585 omnipotens,
968 1537 1076 1584 pater
1094 1529 1239 1571 Christi
1268 1530 1337 1580 tui,
1366 1529 1560 1571 benedicti
1581 1528 1661 1579 filii,
1691 1529 1895 1571 exauditor

454 1609 555 1646 rum,
584 1595 652 1650 qui
676 1602 783 1637 recte
812 1595 997 1637 invocant
1025 1602 1078 1646 te,
1107 1595 1291 1649 cognitor
1319 1608 1479 1650 precum
1501 1595 1616 1635 etiam
1648 1608 1799 1644 eorum,
1829 1595 1894 1649 qui

452 1667 551 1711 :ent;
579 1660 722 1713 gratias
750 1660 906 1714 agimus
933 1659 1015 1710 tibi,
1051 1658 1159 1714 quod
1187 1673 1262 1701 nos
1292 1659 1434 1713 dignos
1461 1659 1658 1709 censuisti,
1686 1659 1752 1713 qui
1781 1659 1894 1713 parti-

1920 1082 1962 1113 10

1919 1405 1958 1438 16

452 1738 620 1766 ›aremus
653 1732 787 1766 sancta
814 1732 879 1766 tua
913 1725 1110 1779 mysteria,
1145 1738 1243 1779 quae
1272 1723 1479 1779 praebuisti
1514 1723 1627 1765 nobis
1656 1723 1703 1765 ad
1736 1723 1889 1778 plenam
1914 1728 1957 1760 20

453 1790 698 1831 rsuasionem
730 1803 882 1840 eorum,
917 1803 1015 1844 quae
1044 1789 1144 1831 bene
1174 1789 1449 1843 cognovimus,
1487 1788 1534 1830 ad
1564 1788 1779 1831 custodiam
1815 1789 1894 1843 pie-

452 1854 503 1905 tis,
539 1853 589 1895 ad
629 1854 906 1895 remissionem
949 1853 1194 1904 delictorum,
1235 1854 1420 1908 quoniam
1462 1867 1610 1894 nomen
1653 1853 1798 1895 Christi
1838 1855 1894 1895 tui

452 1927 628 1961 vocatum
664 1926 724 1960 est
752 1932 869 1973 super
901 1932 976 1961 nos
1006 1926 1044 1961 et
1077 1918 1144 1961 tibi
1173 1919 1342 1960 adiuncti
1378 1933 1526 1960 sumus.
1588 1931 1621 1972 3.
1652 1919 1736 1969 Qui
1764 1932 1894 1973 segre-

452 1984 502 2026 sti
530 1997 608 2025 nos
638 1983 686 2025 ab
715 1984 926 2037 impiorum
954 1984 1252 2034 communione,
1281 1983 1407 2025 aduna
1432 1997 1506 2025 nos
1535 1998 1624 2025 cum
1654 1984 1712 2034 iis,
1741 1985 1807 2039 qui
1825 1984 1894 2025 tibi

452 2057 492 2091 nt
519 2049 758 2100 consecrati;
793 2047 905 2090 firma
933 2062 1008 2090 nos
1042 2049 1081 2089 in
1108 2050 1269 2090 veritate
1305 2062 1374 2103 per
1407 2050 1528 2090 sancti
1563 2050 1720 2103 spiritus
1747 2048 1890 2091 adven·
1913 2052 1956 2084 25

452 2127 504 2165 m;
523 2128 625 2169 quae
644 2114 888 2168 ignoramus,
909 2113 1053 2165 revela;
1073 2128 1172 2169 quae
1187 2113 1386 2164 deficiunt,
1405 2114 1561 2169 supple3
1581 2128 1680 2169 quae
1695 2115 1892 2165 novimus,

454 2178 628 2220 rrobora.
677 2192 715 2231 4.
745 2178 977 2220 Sacerdotes
1006 2178 1223 2234 inculpatos
1245 2192 1432 2220 conserva
1462 2179 1503 2219 in
1532 2179 1636 2220 cultu
1665 2186 1748 2230 tuo,
1778 2193 1892 2233 reges

451 2257 510 2285 ere
537 2244 578 2285 in
608 2257 718 2299 pace,
753 2244 999 2297 magistratus
1033 2244 1071 2284 in
1102 2244 1256 2294 iustitia,
1292 2257 1422 2285 aerem
1452 2244 1491 2284 in
1525 2245 1728 2297 temperie,
1764 2243 1893 2297 fruges

463 2308 651 2361 ubertate,
681 2308 873 2350 mundum
893 2309 932 2350 in
953 2309 1229 2362 omnipotente
1249 2308 1491 2362 providentia
1499 2325 1510 2359 ;
1534 2316 1673 2362 gentes
1692 2308 1892 2350 bellicosas

452 2372 508 2424 da,
546 2382 721 2416 errantes
756 2381 955 2415 converte.
1018 2386 1053 2426 5.
1089 2373 1281 2429 Populum
1323 2381 1432 2415 tuum
1474 2372 1683 2424 sanctifica,
1723 2374 1894 2427 virgines

470 2447 664 2491 λειπόμενα
687 2449 709 2482 h
733 2460 766 2483 m
791 2460 812 2482 v
842 2453 847 2491 ἱ
878 2453 920 2485 28
943 2446 1102 2492 φύλαξον
1124 2460 1157 2482 m
1181 2462 1201 2483 v
1232 2451 1236 2490 !
1268 2454 1310 2484 30
1332 2452 1510 2484 παναλκεῖ
1530 2459 1548 2482 a
1572 2449 1591 2482 d
1613 2449 1651 2481 h·²
1680 2460 1687 2481 τ
1717 2455 1898 2491 παναρκεῖ

454 2514 486 2536 m
505 2515 525 2536 v

458 2577 501 2613 16.
519 2580 686 2613 Psalmum
702 2579 846 2613 XXXIII
860 2579 1008 2614 fidelibus
1024 2591 1115 2614 com-
1225 2580 1312 2614 XIV.
1369 2577 1628 2623 Προσφιόνησις
1681 2580 1773 2621 μετὰ
1831 2577 1895 2622 τὴν

452 2634 639 2668 micantibus
661 2639 826 2668 cantatam
841 2633 942 2668 fuisse
958 2640 1117 2668 testantur
1181 2634 1393 2678 μετάληψιν.
1443 2634 1559 2667 Oratio
1597 2639 1671 2676 post
1711 2634 1894 2666 communi-

451 2687 546 2730 >vinus
578 2688 653 2722 Cat.
685 2692 788 2733 myst.
816 2688 858 2729 V,
888 2697 939 2730 20,
971 2688 1116 2732 Liturgia
1182 2699 1291 2723 onem.

452 2741 525 2783 tobi.
540 2743 637 2777 etiam
654 2742 835 2777 nonnullae
851 2742 998 2786 liturgiae
1017 2742 1116 2776 Occi-

450 2796 569 2837 magde
581 2798 697 2842 quibus
710 2796 951 2838 cf.Duchesne,
967 2797 1117 2840 Origines
1227 2797 1299 2830 XV.
1336 2793 1534 2838 Ἐπίκλησις
1566 2794 1659 2838 μετὰ
1691 2793 1755 2839 τὴν
1785 2794 1894 2837 μετά·

477 2858 541 2893 215.
590 2851 627 2886 In
666 2850 817 2894 Liturgia
854 2850 955 2884 Marci
995 2851 1118 2884 canitur
1183 2854 1300 2894 ληψιν.
1371 2850 1538 2884 Invocatio
1586 2856 1661 2894 post
1710 2850 1895 2883 communi-

450 2903 548 2939 ulmus
567 2915 619 2947 ⁴¹·
1184 2915 1295 2938 onem.
