2457 3436
862 385 993 415 carm
1022 385 1224 415 anmrrcu..
1712 375 1787 414 131

452 488 550 522 2stes
579 488 650 523 est.
695 493 731 522 2.
761 481 809 523 Et
836 488 1016 536 tempore
1045 481 1194 536 reliquo
1223 481 1337 524 huius
1363 481 1455 523 anni
1484 480 1788 536 (ordinationis)

453 546 535 587 dies
563 546 721 596 ieiunet,
751 560 841 588 cum
870 546 947 587 hoc
976 546 1026 588 sit
1044 547 1177 600 imago
1201 546 1334 600 magni
1353 546 1535 588 introitus
1555 546 1690 597 sancti,
1720 560 1791 601 per

452 609 547 652 filius
566 611 644 653 Dei
671 611 896 665 unigenitus
924 611 1139 665 permeavit
1169 611 1231 653 die
1259 611 1452 665 passionis
1480 624 1572 652 suae
1592 618 1631 653 et
1650 611 1790 653 mortis

452 677 478 716 is
498 677 556 717 sui
586 683 624 717 et
645 675 707 718 die
737 677 1033 718 resurrectionis
1051 690 1072 718 a
1094 677 1259 719 mortuis
1279 683 1319 718 et
1337 676 1400 718 die
1428 676 1668 718 ascensionis
1696 690 1788 717 suae

452 755 532 782 um.
588 754 622 794 3.
653 741 700 783 Et
728 741 847 791 cibus,
884 754 965 796 quo
995 742 1201 796 episcopus
1231 740 1296 782 illo
1323 755 1430 782 anno
1458 747 1546 782 toto
1575 741 1630 783 uti
1659 740 1788 792 debet,
1834 746 1855 777 5

452 819 532 847 nos
561 804 644 847 dies
672 807 829 856 ieiunet,
858 807 907 847 sit
935 807 1045 860 panis
1075 813 1114 847 et
1142 806 1275 848 oleum
1304 813 1344 848 et
1361 805 1417 847 sal
1442 813 1481 848 et
1500 805 1578 847 mel
1604 813 1643 848 et
1661 805 1788 856 olera;

464 877 594 911 autem
624 871 787 912 minime
815 879 956 925 gustet.
1004 885 1041 923 4.
1072 871 1119 913 Et
1146 870 1317 926 reliquos
1345 870 1428 913 dies
1456 871 1557 913 vitae
1582 877 1670 924 agat
1696 871 1789 911 ieiu-

452 942 623 990 luantum
644 943 786 990 potest.
833 934 993 978 Modice
1014 943 1054 978 et
1072 950 1162 978 cum
1182 936 1325 991 pietate
1345 943 1385 978 et
1402 937 1613 990 gratiarum
1633 936 1789 978 actione

457 1000 565 1042 cibos
594 1001 845 1042 necessarios.
894 1000 1023 1043 Carne
1051 1015 1147 1042 vero
1165 1015 1248 1042 non
1268 1000 1431 1052 fruatur;
1460 1015 1556 1051 non,
1584 1001 1673 1055 quia
1701 1015 1789 1042 eam

452 1079 519 1107 ens
548 1079 589 1107 se
619 1065 796 1116 maculat,
825 1065 895 1107 sed
923 1080 973 1107 ne
1003 1079 1072 1108 cor
1100 1080 1213 1107 suum
1242 1073 1378 1120 gravet
1406 1072 1445 1107 et
1473 1072 1648 1107 mentem
1678 1079 1788 1107 suam
1815 1070 1858 1102 1⁰

452 1138 496 1180 et,
531 1130 600 1172 sed
629 1138 780 1185 paratus
808 1131 857 1173 sit
884 1130 1063 1185 vigilare,
1098 1133 1163 1186 qui
1193 1132 1299 1172 enim
1329 1130 1424 1172 haec
1452 1144 1572 1186 opera
1601 1129 1789 1186 perficere

452 1194 704 1237 nfirmitatem
739 1196 868 1250 potius
902 1195 974 1237 sibi
1008 1195 1152 1249 eligere
1187 1194 1314 1247 debet,
1350 1203 1390 1238 et
1423 1196 1488 1250 qui
1522 1194 1788 1238 infirmitatem

453 1274 534 1301 non
565 1260 713 1302 lucrum
743 1261 871 1312 habet,
899 1275 1073 1307 sumens,
1104 1259 1209 1315 quod
1239 1274 1382 1315 corpus
1411 1259 1619 1302 confortat.
1678 1273 1714 1313 5.
1743 1261 1790 1302 Et

452 1339 480 1366 n
513 1325 741 1367 sacrificium
778 1325 961 1367 ascendat
989 1325 1153 1367 sabbato
1188 1333 1228 1367 et
1261 1325 1472 1377 dominica,
1515 1332 1554 1367 et
1594 1325 1790 1380 liturgiam

452 1391 644 1445 incipiant,
678 1391 852 1445 itemque
887 1390 1021 1432 diebus
1050 1390 1170 1440 festis,
1205 1391 1271 1446 qui
1299 1390 1427 1432 media
1455 1390 1704 1432 hebdomade
1734 1390 1790 1431 in·
1815 1393 1855 1426 1⁶

497 1457 533 1497 6.
564 1455 718 1497 Deinde
747 1470 837 1497 cum
858 1455 941 1497 dies
969 1454 1090 1497 festus
1120 1454 1272 1497 duobus
1296 1456 1448 1497 ieiuniis
1466 1454 1614 1506 incidit,
1644 1454 1790 1497 scilicet

452 1527 556 1562 uarta
585 1521 646 1561 vel
674 1527 794 1572 sexta,
824 1528 939 1563 orent
968 1528 1006 1563 et
1034 1527 1166 1563 sancta
1193 1521 1377 1575 mysteria
1401 1527 1573 1571 sumant,
1599 1521 1669 1562 sed
1697 1521 1790 1562 ieiu-

452 1599 524 1626 1on
554 1585 731 1640 frangant
761 1600 881 1641 usque
916 1585 963 1626 ad
992 1585 1130 1627 horam
1161 1599 1321 1627 nonam.
1379 1599 1415 1638 7.
1445 1585 1515 1627 Sin
1549 1592 1681 1627 autem
1711 1586 1790 1639 epi-

474 1649 540 1691 illo
560 1664 666 1692 anno
684 1650 783 1692 adeo
802 1657 991 1705 aegrotat,
1020 1658 1063 1692 ut
1081 1658 1182 1692 stare
1211 1664 1294 1691 non
1313 1650 1438 1705 possit
1465 1657 1505 1692 et
1524 1663 1569 1691 ea
1588 1649 1790 1705 perficere,

455 1715 609 1766 iximus,
643 1715 791 1770 aliquot
823 1715 956 1757 diebus
992 1715 1123 1771 paucis
1156 1715 1282 1769 pisces
1318 1722 1357 1757 et
1390 1716 1526 1756 vinum
1560 1722 1699 1765 sumat,
1739 1729 1791 1757 ne
1812 1717 1857 1750 20

452 1778 529 1821 ibat
556 1787 595 1821 et
624 1779 783 1821 ecclesia
811 1781 897 1834 ipso
927 1787 966 1822 et
993 1779 1114 1821 verbo
1135 1779 1335 1822 doctrinae
1355 1780 1475 1834 ipsius
1492 1787 1618 1833 egeat.
1676 1781 1713 1821 8.
1743 1780 1791 1821 Et

452 1859 462 1885 ι
493 1844 571 1895 det,
600 1852 641 1886 ut
670 1845 782 1886 omni
811 1844 873 1886 die
902 1845 1097 1899 mysteriis
1126 1844 1284 1895 fruatur,
1313 1846 1387 1886 nisi
1413 1845 1622 1886 necessitas
1650 1845 1700 1886 sit
1730 1844 1791 1899 (id

452 1909 614 1963 ciendi),
652 1916 693 1951 ut
727 1909 776 1951 de
812 1910 866 1951 eis
899 1910 1003 1951 vivat
1037 1910 1149 1951 omni
1183 1916 1377 1964 tempore.
1435 1922 1472 1961 9.
1506 1909 1554 1951 Et
1582 1909 1722 1951 doceat
1750 1911 1790 1951 in

452 1989 464 2015 ι
493 1982 532 2016 et
560 1974 739 2029 loquatur
768 1981 992 2016 constanter
1020 1981 1060 2015 et
1088 1973 1226 2016 habeat
1254 1975 1536 2015 conscientiam
1559 1973 1718 2025 bonam,
1748 1982 1791 2017 ut

452 2053 560 2080 >mne
589 2039 846 2081 ministerium
878 2039 994 2093 patris
1023 2039 1215 2080 luminum
1244 2039 1328 2080 sine
1357 2039 1477 2080 animi
1500 2038 1791 2094 perturbatione
1813 2039 1857 2072 2⁶

452 2118 532 2145 sum
568 2103 850 2157 perficiendum
889 2112 927 2146 et
961 2104 1231 2146 testimonium
1263 2103 1311 2146 de
1340 2118 1390 2145 eo
1419 2103 1663 2146 reddendum
1692 2118 1790 2146 esse.

452 2183 506 2211 tec
535 2177 626 2210 sunt
653 2176 870 2224 praecepta.
919 2169 966 2211 Et
995 2167 1133 2210 doceat
1163 2183 1219 2220 ea,
1249 2183 1346 2223 quae
1377 2168 1450 2211 dici
1479 2176 1657 2223 possunt,
1686 2169 1793 2225 quod

452 2247 481 2274 ta
509 2232 617 2283 fecit3
651 2232 832 2288 loquatur
865 2241 903 2274 et
936 2234 1032 2275 sciat
1066 2232 1258 2283 distincte,
1293 2248 1392 2288 quae
1421 2233 1531 2285 dicit;
1567 2248 1656 2275 cum
1686 2235 1792 2275 enim

452 2312 516 2340 iae
545 2297 649 2349 dicit,
678 2298 876 2340 auditores
897 2299 978 2340 eius
1007 2312 1166 2353 quoque
1195 2312 1239 2340 ea
1258 2299 1395 2340 scient.
1449 2312 1506 2340 11.
1537 2299 1584 2340 Et
1613 2306 1791 2354 precetur

452 2377 502 2404 :er
521 2363 570 2405 ad
589 2363 807 2404 Dominum
831 2370 869 2405 et
888 2362 999 2417 (cum
1020 2363 1129 2417 ipso)
1149 2363 1315 2417 populus
1337 2364 1552 2414 universus,
1580 2371 1623 2405 ut
1642 2377 1788 2414 sermo,
1816 2363 1859 2396 80

452 2465 502 2494 ruat
525 2460 595 2504 eta]
618 2460 813 2494 Vanslebius
836 2460 856 2495 1.
873 2471 901 2494 c.
925 2471 956 2505 p.
973 2470 1010 2505 95
1081 2461 1135 2504 qui
1152 2460 1264 2493 diebus
1282 2460 1460 2494 stationum
1477 2460 1517 2493 ad
1533 2470 1660 2494 sacram
1676 2470 1794 2493 cenam

452 2514 543 2548 iebus
561 2515 669 2548 ieiunii
685 2514 835 2558 Coptitas
851 2514 1016 2559 liturgiam
1080 2525 1148 2548 non
1171 2514 1379 2554 accedebant,
1403 2516 1567 2556 timentes,
1591 2525 1633 2548 ne
1656 2521 1794 2558 accepto

452 2579 519 2602 ram
540 2579 663 2602 nonam
686 2569 879 2610 celebrasse,
902 2579 944 2602 ne
968 2569 1015 2602 ie·
1081 2579 1219 2613 corpore
1231 2569 1367 2602 Domini
1384 2569 1482 2602 statio
1499 2568 1688 2602 solveretur.
1714 2568 1793 2602 Inde

457 2622 671 2666 frangeretur.
717 2623 842 2657 Auctor
876 2622 1016 2657 fortasse
1082 2621 1221 2656 fortasse
1229 2623 1328 2656 etiarn
1337 2622 1564 2667 explicandum
1571 2628 1630 2664 est,
1638 2623 1726 2667 quod
1732 2622 1793 2656 So-

452 2677 516 2710 ixin
532 2676 672 2720 respicit.
705 2676 942 2711 Animadverte
960 2688 1015 2711 au·
1082 2676 1321 2718 cratesH.E.V‚
1332 2685 1373 2709 22
1383 2676 1423 2710 de
1433 2676 1794 2710 ecclesiaAlexandrina

452 2730 539 2765 dices
563 2730 771 2764 oxonienses
794 2731 917 2764 dicere:
947 2741 1014 2764 non
1081 2730 1189 2771 refert,
1207 2729 1295 2764 seriis
1313 2737 1425 2775 quarta
1441 2735 1474 2764 et
1490 2736 1580 2764 sexta
1595 2731 1629 2763 in
1642 2740 1680 2764 ea
1692 2730 1794 2774 scrip-

467 2785 593 2819 scilicet
610 2785 697 2829 quod
712 2785 877 2830 mysteriis
900 2787 1015 2819 sumtis
1081 2790 1168 2819 turas
1186 2795 1294 2818 sacras
1310 2785 1378 2829 legi
1390 2790 1423 2818 et
1434 2791 1550 2818 cuncta
1562 2784 1642 2826 fieri,
1658 2794 1740 2829 quae
1754 2784 1796 2817 ad

452 2851 459 2873 ι
483 2839 659 2884 frangatur.
704 2839 774 2873 Iam
797 2839 1016 2873 Tertullianus
1083 2839 1257 2873 collectam
1280 2837 1459 2882 (σύναξιν)
1482 2839 1644 2882 pertinent
1667 2845 1796 2882 praeter

452 2904 518 2928 one
528 2904 555 2928 c.
567 2895 653 2937 19de
660 2894 853 2927 Christianis
865 2894 1016 2938 loquitur,
1083 2894 1313 2938 mysteriorum
1339 2892 1603 2927 celebrationem.

1625 2948 1665 2981 9*
