2457 3436
633 810 654 837 5

614 1131 657 1161 10

618 1562 658 1594 15

612 1886 657 1917 20

613 2208 657 2239 25

676 349 755 387 160
1237 353 1593 384 smum-:summ

896 533 1023 572 Μετὰ
1053 533 1106 569 τι)
1134 526 1373 580 ἀναστῆναι
1406 525 1500 568 ἀπὸ
1530 530 1607 580 τῆς
1636 525 1811 580 ὁμιλίας
1842 526 1971 580 εὐχή.

791 618 823 646 1.
858 602 923 654 ,‚‘O
957 602 1056 652 θεὸς
1090 601 1113 643 6
1145 602 1324 655 σωτὴρ“,
1360 599 1383 643 ὁ
1420 601 1522 650 θεὸς
1555 607 1635 643 τοῦ
1667 600 1843 651 παντός,
1882 599 1908 643 6
1946 607 2042 643 τῶν
2076 598 2147 642 ῢλω

677 670 818 722 κύριος
845 671 912 710 καὶ
941 667 1197 722 δημιουργός,
1227 664 1250 707 6
1268 666 1482 720 γεννήτωρ
1499 671 1577 708 τοῦ
1594 671 1863 719 μονογενοῦς,
1894 664 1922 708 6
1944 667 2026 707 τὸν
2046 682 2147 720 ,.χαρι

678 738 836 788 κτῆρα“
864 733 941 775 τὸν
968 738 1107 786 ζῶντα
1135 733 1203 773 καὶ
1231 728 1435 785 ἀληθινὸν
1462 730 1671 786 γεννήσας,
1702 728 1725 772 ὃ
1743 731 1856 784 πρὸς
1875 728 2089 783 ὠφέλειαν
2108 747 2147 773 το

676 800 821 853 γένους
853 802 942 840 τῶν
970 794 1215 851 ἀνθρώπων
1244 793 1376 838 αὐτὸν
1410 792 1665 847 ἀποστείλας,
1701 794 1725 838 ὁ
1758 793 1810 838 δι’
1845 793 1988 838 αὐτοῦ
2019 798 2147 838 καλέσω

678 867 746 906 καὶ
773 862 1154 917 προσποιησάμενος
1172 862 1272 910 τοὺς
1290 861 1561 914 ἀνθρώπους·
1593 874 1630 903 2.
1659 861 1844 915 δεόμεθά
1868 874 1953 903 σου
1979 860 2088 914 ὑπὲρ
2109 877 2147 903 το

679 933 783 970 λαοῦ
815 927 985 970 τούτου·
1020 932 1182 980 πνεῦμα
1216 925 1335 980 ἅγιον
1368 928 1545 979 πέμψον,
1580 928 1649 968 καὶ
1683 925 1707 968 6
1736 926 1884 979 κύριος
1910 922 2075 981 Ἰησοῦς
2104 927 2147 968 ἐπ

678 993 917 1045 σκεψάσθω,
952 991 1171 1046 λαλησάτω
1204 992 1249 1035 ἐν
1284 1001 1371 1040 ταῖς
1404 993 1601 1040 διανοίαις
1627 991 1800 1033 πάντων
1831 993 1903 1033 καὶ
1939 1007 2147 1044 προοικονι

678 1058 848 1112 μησᾰτω
877 1059 933 1106 εἰς
959 1060 1098 1098 πίστιν
1126 1056 1201 1106 τὰς
1228 1058 1412 1109 καρδίας·
1445 1069 1480 1109 3.
1510 1052 1636 1104 αὐτὸς
1661 1055 1768 1109 πρὸς
1784 1057 1830 1096 σὲ
1861 1054 2085 1099 ἑλκυσάτω
2110 1056 2147 1099 τὸ

678 1121 822 1175 ψυχάς,
851 1124 921 1164 θεὲ
949 1126 1036 1164 τῶν
1066 1124 1302 1175 οἰκτιρμῶν,
1330 1125 1477 1174 κτῆσαι
1506 1120 1608 1162 λαὸν
1636 1123 1703 1162 καὶ
1731 1122 1776 1162 ἐν
1803 1127 1860 1174 τῇ
1888 1122 2016 1163 πόλει
2045 1121 2147 1174 ταύτῃ

680 1192 823 1241 κτῆσαι
851 1189 1045 1240 ποίμνιον
1072 1187 1241 1240 γνήσιον
1269 1187 1335 1228 διὰ
1360 1192 1439 1228 τοῦ
1465 1192 1715 1239 μονογενοῦς
1743 1198 1821 1228 σου
1842 1183 1980 1241 Ἰησοῦ
2002 1190 2147 1240 Χριστο

680 1252 724 1293 ἐν
754 1250 856 1305 ἁγίῳ
884 1252 1097 1304 πνεύματι,
1127 1251 1180 1293 δι’
1208 1246 1258 1294 οὗ
1285 1253 1351 1293 σοὶ
1381 1248 1403 1305 ἦ
1433 1251 1534 1302 δόξα
1561 1253 1630 1292 καὶ
1657 1250 1706 1292 τὸ
1725 1250 1883 1304 κράτος
1911 1255 1985 1293 καὶ
2011 1252 2089 1294 νῦν
2113 1267 2147 1293 κε

680 1318 736 1365 εἰς
765 1316 866 1366 τοὺς
893 1317 1134 1369 σύμπαντας
1162 1319 1316 1365 αἰῶνας
1344 1321 1432 1358 ταῖν
1461 1315 1639 1366 αἰώνων,
1669 1315 1788 1370 α’μήν.

1402 1401 1448 1456 γ’.

1041 1479 1162 1533 Εὐχή
1191 1478 1307 1534 ὑπὲρ
1336 1483 1427 1522 ταῖν
1454 1485 1809 1533 κατηχουμὲνων.

795 1568 827 1597 1.
858 1556 997 1608 Βοηθὲ
1026 1557 1094 1595 καὶ
1122 1552 1237 1607 κύριε
1264 1559 1354 1596 ταῖν
1383 1551 1593 1604 ἁπάντων,
1623 1554 1887 1607 ἐλευθερωτὰ
1910 1561 2005 1596 ταῖν
2023 1556 2147 1597 ἐλευθι

681 1625 768 1672 ρωθ
776 1621 922 1670 ε’ντων,
941 1619 1154 1672 προστάτα
1170 1625 1261 1661 τῶν
1279 1619 1535 1673 ρυσθέντων,
1564 1617 1588 1673 ἡ
1609 1619 1723 1667 ἐλπὶς
1740 1624 1832 1660 τῶν
1852 1617 1969 1670 »ὑπὸ
1988 1619 2068 1672 τὴν
2085 1634 2147 1672 κρυ

680 1685 828 1727 ταιὰν“
854 1697 929 1726 σου
954 1688 1119 1737 ,,χεῑρα“
1144 1684 1397 1738 γεγονότων·
1427 1683 1477 1725 σὺ
1503 1682 1542 1726 εἱ
1566 1682 1589 1726 ὁ
1612 1683 1692 1738 τὴν
1714 1680 1895 1737 ἀνομίαν
1914 1685 2147 1739 καθῃρηκιιὶιι

681 1748 704 1791 6
741 1749 808 1791 διὰ
842 1754 921 1791 τοῦ
952 1753 1202 1802 μονογενοῦς
1230 1749 1514 1803 ,,καταργήσας
1549 1748 1627 1790 τὸν
1653 1752 1871 1790 σατανᾶν“
1899 1751 1971 1790 καὶ
1998 1748 2147 1799 »λύσας

679 1811 811 1856 αὐτοῦ
840 1814 920 1864 ,,τά
945 1814 1226 1867 τεχνάσματα“
1244 1815 1313 1855 καὶ
1333 1813 1542 1862 ἀπολύσας
1561 1813 1658 1862 τοὺς
1677 1811 1750 1855 ὑπ’
1768 1809 1905 1856 αὐτοῦ
1924 1815 2147 1867 δεδεμένους

683 1891 717 1921 2.
737 1878 1054 1932 εὖχαριστοῦμέν
1074 1891 1139 1920 σοι
1158 1877 1263 1931 ὑπὲρ
1277 1882 1365 1920 τῶν
1380 1880 1706 1933 κατηχουμένων,
1722 1874 1787 1920 ὅτι
1807 1880 2014 1932 κέκληκας
2027 1878 2147 1921 αὐτοὶ·

680 1944 746 1986 διὰ
771 1948 848 1986 τοῦ
875 1950 1125 1997 μονογενοῦς
1153 1946 1219 1985 καὶ
1248 1947 1403 1997 γνῶσιν
1430 1940 1570 1990 αὐτοῖς
1597 1943 1676 1997 τὴν
1703 1943 1781 1997 σὴν
1808 1944 2006 1996 ἐχαρίσω·
2047 1957 2082 1997 3.
2110 1960 2147 1985 κι

679 2009 746 2050 διὰ
766 2015 895 2050 τοῦτο
914 2009 1104 2062 δεόμεθα,
1122 2009 1475 2062 βεβαιωθήτωσαν
1493 2008 1538 2050 ἐν
1554 2011 1605 2061 τῇ
1621 2007 1783 2062 γνώσει,
1802 2008 1899 2059 „sva
1915 2008 2144 2062 γινώσκωσι

679 2075 722 2114 σὲ
751 2074 830 2115 τὸν
855 2074 988 2126 μόνον
1007 2073 1214 2128 ἀληθινὸν
1232 2073 1336 2116 θεὸν
1354 2075 1423 2115 καὶ
1441 2070 1491 2115 ὃν
1511 2070 1750 2122 ἀπέστειλας
1763 2069 1927 2127 Ἰησοῦν
1945 2074 2147 2127 Χριστόν“

681 2140 1101 2189 ὀιαφυλαττέσθωσαν
1129 2140 1173 2180 ἐν
1202 2148 1290 2187 τοῖς
1312 2138 1550 2192 μαθήμασιν
1568 2140 1637 2180 καὶ
1655 2138 1701 2179 ἐν
1718 2142 1770 2191 τῇ
1790 2142 1959 2194 καθαρᾷ
1977 2138 2147 2191 φρονήσε

681 2205 747 2245 καὶ
777 2205 1129 2256 προκοπτέτωσαν
1158 2203 1266 2255 ἄξιοι
1294 2205 1484 2256 γενέσθαι
1513 2207 1589 2245 τοῦ
1612 2206 1824 2256 ,,λουτροῦ
1850 2208 1928 2257 τῆς
1944 2208 2147 2258 παλιγγενι

681 2271 796 2318 σίας“
813 2270 881 2310 καὶ
900 2274 988 2310 τῶν
1008 2266 1134 2322 ἁγίων
1152 2271 1388 2322 μυστηρίων
1402 2267 1468 2310 διὰ
1486 2272 1562 2310 τοῦ
1582 2274 1834 2321 μονογενοῦς
1845 2265 1976 2323 Ἰησοῦ
1991 2272 2147 2322 Χριστω

681 2334 726 2375 ἐν
754 2331 855 2387 ἁγίῳ
882 2332 1094 2386 πνεύματι,
1124 2329 1172 2374 δι’
1205 2326 1255 2374 οὗ
1282 2335 1345 2374 σοὶ
1374 2331 1401 2386 ἡ
1430 2332 1529 2384 δόξα
1557 2334 1622 2375 καὶ
1651 2332 1702 2375 τὸ
1732 2332 1886 2385 κράτος
1915 2335 1984 2375 καὶ
2004 2338 2081 2375 νῦν
2107 2349 2147 2375 κα

680 2399 737 2448 εἰς
763 2398 862 2447 τοὺς
891 2399 1127 2451 σύμπαντας
1154 2398 1307 2446 αἰῶνας
1334 2403 1424 2440 τῶν
1451 2399 1632 2449 αἰώνων,
1659 2396 1780 2452 α’μήν.

789 2488 810 2519 2
833 2485 886 2519 Ps.
911 2484 961 2526 26,
979 2495 1008 2529 9.
1034 2504 1072 2508 --
1098 2487 1150 2525 314
1173 2485 1271 2518 Hebr.
1299 2495 1326 2526 1,
1345 2495 1373 2528 3.
1397 2504 1438 2510 —
1463 2488 1504 2520 16
1525 2484 1539 2518 1
1557 2485 1643 2519 Petr.
1664 2493 1691 2527 5,
1706 2485 1739 2518 6.
1763 2503 1802 2508 -
1830 2488 1871 2519 18
1892 2484 1994 2519 Hebr.
2012 2495 2043 2527 2,
2063 2494 2111 2525 14
2132 2502 2147 2510 -

684 2542 724 2573 18
746 2540 760 2572 1
785 2539 897 2573 Ioann.
926 2548 953 2582 3,
977 2540 1008 2572 8.
1031 2559 1072 2565 —-
1095 2542 1137 2573 22
1160 2539 1271 2572 Ioann.
1300 2548 1348 2582 17,
1375 2549 1402 2582 3.
1426 2559 1465 2565 —
1489 2542 1531 2574 25
1553 2537 1620 2572 Tit.
1646 2548 1674 2581 3,
1701 2547 1728 2581 5.

793 2629 832 2659 10
854 2628 982 2669 κτῆσαι
1006 2625 1036 2658 Α
1060 2626 1086 2658 Β
1109 2637 1116 2658 :
1140 2625 1258 2659 κτίσαι
1284 2625 1328 2658 W
1348 2627 1353 2666 Ι
1375 2630 1412 2660 11
1437 2628 1564 2669 κτῆσαι
1586 2625 1613 2658 Β
1636 2636 1644 2658 :
1666 2625 1788 2659 κτίσαι
1809 2625 1841 2658 Α
1864 2624 1909 2658 W

725 2700 763 2734 11.
788 2701 886 2733 Inscr.
910 2699 1003 2743 μετὰ
1025 2699 1067 2736 τὸ
1089 2698 1282 2744 ἀναστῆναι
1307 2702 1397 2745 κτλ]
1464 2698 1682 2741 ἀναστάντες
1717 2703 1782 2736 καὶ
1820 2697 1924 2745 ἡμεῖς
1958 2701 2147 2744 ἐκτείνωμε

684 2753 788 2787 Huius
810 2754 912 2787 moris
944 2755 1096 2789 distincte
1119 2755 1269 2789 meminit
1290 2755 1395 2789 Atha·
1462 2753 1525 2795 τὰς
1537 2761 1660 2800 χεῖρας
1674 2754 2016 2800 (προσευχόμενοι).
2050 2757 2147 2801 Brigh

682 2808 846 2850 nasiusO)
857 2807 909 2841 De
920 2815 1069 2842 semente
1082 2810 1394 2852 hom.c.17dicens:
1461 2820 1537 2843 man
1565 2809 1588 2842 1.
1618 2820 1647 2843 e.
1677 2820 1710 2853 p.
1741 2818 1804 2853 109
1836 2815 2010 2854 praeterea
2042 2810 2147 2845 contu]

683 2864 755 2895 τῶν
791 2858 911 2904 λόγων
947 2859 1050 2905 ἡμῶν
1082 2860 1395 2907 προχωρησάντων
1460 2863 1556 2908 orig.
1579 2863 1616 2897 In
1638 2862 1737 2897 Num.
1761 2863 1837 2905 XX,
1857 2873 1893 2907 5;
1917 2864 1957 2898 In
1980 2865 2042 2899 les.
2064 2865 2118 2905 III,
2142 2874 2147 2907 ξ
