2457 3436
592 370 907 401 consmmzoxsss
928 371 1196 401 APOSTOLORUM
1224 372 1273 406 v1,
1301 373 1351 409 ιε,
1375 373 1513 410 ιιι-13,
1536 373 1565 405 3.
1746 362 1824 401 333

452 471 661 508 πνικτοῦ“·
701 465 805 518 ἅπερ
837 469 907 508 καὶ
939 476 1026 515 τοῖς
1059 472 1250 516 παλαιοῖς
1281 469 1587 521 νενομοθέτητο
1621 477 1709 516 τοῖς
1740 467 1823 519 πρὸ

453 529 573 583 νόμου
598 540 797 583 φυσικοῖς,
822 529 960 581 Ἐνώς,
990 531 1129 584 Ἑνώχ,
1151 536 1261 582 Νῶε,
1292 534 1549 584 Μελχισεδέκ,
1575 532 1667 583 Ἰὼβ
1694 535 1762 574 καὶ
1789 534 1826 575 εἴ

452 601 623 645 τοιοῦτος
653 596 841 649 ἐγεγόνει.
903 610 964 650 14.
999 596 1123 648 ,πότε
1156 596 1294 648 ἔδοξεν
1326 595 1423 650 ἡμῖν
1457 607 1544 647 τοῖς
1575 596 1823 647 ἀποστόλοις

452 664 511 712 τῷ
531 660 760 714 ἐπισκόπῳ“
783 658 966 714 Ἰακώβῳ
998 664 1095 712 „nal
1121 669 1209 710 τοῖς
1240 663 1528 715 πρεσβυτέροις
1563 662 1641 704 σὺν
1670 661 1744 715 ὅλῃ
1773 668 1824 715 τῇ

453 729 544 781 quiq,
568 726 852 779 ἐκλεξαμένους
879 726 1033 780 ἄνδρας
1061 727 1105 777 ἐξ
1130 724 1249 780 ἡμῶν
1277 723 1418 768 αὐτῶν
1444 729 1602 780 πέμψαι
1631 728 1709 769 σὺν
1736 735 1823 776 τοῖς
1867 737 1887 766 5

466 791 664 844 Βαρνάβαν
682 794 752 833 καὶ
767 795 936 834 Παῦλον
952 791 1031 833 τὸν
1050 796 1138 834 τῶν
1157 792 1300 833 ἐθνῶν
1320 789 1556 834 ἀπόστολον
1575 792 1653 834 τὸν
1672 794 1823 844 Ταρσέα

457 849 585 897 Ἰούδαν
610 856 689 898 τὸι
715 857 973 910 καλούμενον
992 860 1237 910 Βαρσαββᾶν
1265 859 1333 899 καὶ
1351 859 1493 907 Σίλαν,
1523 857 1676 908 ἄνδρας
1705 855 1824 910 ἡγου-

452 929 499 968 »υς
524 922 562 962 ἐν
598 930 687 970 τοῖς
731 918 933 973 ἀδελφοῖς,
974 922 1205 975 γράψαντες
1246 922 1312 964 διὰ
1353 922 1488 974 χειρὸς
1527 921 1668 964 αὐτῶν
1707 922 1821 964 τάδε·

463 985 498 1027 Οἱ
517 985 736 1028 ἀπόστολοι
764 989 831 1028 καὶ
866 986 905 1028 οἱ
932 986 1198 1039 πρεσβύτεροι
1227 989 1295 1028 καὶ
1323 987 1361 1028 οἱ
1394 986 1562 1038 ἀδελφοὶ
1594 996 1682 1036 τοῖς
1716 986 1821 1028 κατὰ

461 1046 673 1104 Ἀντιόχειαν
701 1053 770 1093 καὶ
787 1054 945 1103 Συρίαν
973 1054 1041 1093 καὶ
1062 1054 1251 1093 Κιλικίαν
1280 1051 1470 1103 ἀδελφοῖς
1496 1060 1583 1100 τοῖς
1610 1052 1654 1103 ἐξ
1680 1052 1821 1093 ἐθνῶν
1848 1060 1887 1090 10

452 1128 507 1156 νειν.
561 1115 700 1170 ἐπειδὴ
732 1115 974 1170 ἠκούσαμεν,
1010 1115 1077 1158 ὅτι
1110 1118 1219 1165 τινὲς
1251 1117 1295 1168 ἐξ
1328 1116 1446 1171 ἡμῶν
1479 1116 1679 1170 ἐτάραξαν
1718 1114 1822 1168 ὑμᾶς

452 1193 483 1227 ἰς
509 1179 852 1233 ἀνασκευάζοντες
883 1182 959 1230 τὰς
991 1182 1123 1234 ψυχὰς
1155 1179 1283 1234 ὑμῶν,
1321 1179 1382 1230 οἷς
1416 1181 1469 1224 ov’
1503 1180 1820 1235 διεστειλάμεθα,

452 1259 482 1285 εν
496 1243 585 1299 ἡμῖν
601 1248 836 1299 γενομένοις
851 1245 1133 1300 ὁμοθυμαδόν,
1149 1246 1434 1300 ἐκλεξαμένους
1454 1244 1605 1299 ἄνδρας
1619 1247 1821 1298 ἐκπέμψαι

453 1327 455 1335 ’
474 1307 567 1362 ὑμᾶς
583 1310 663 1352 σὺν
681 1320 768 1359 τοῖς
788 1310 1010 1365 ἀγαπητοῖς
1028 1309 1146 1365 ἡμῶν
1164 1312 1359 1367 Βαρνάβᾳ
1376 1314 1440 1353 καὶ
1462 1310 1628 1370 Παύλῳ,
1657 1308 1822 1361 ἀνθρώ-

458 1375 757 1426 παραδεδωκόσι
776 1376 849 1424 τὰς
868 1376 998 1427 ψυχὰς
1016 1375 1161 1418 αὐτῶν
1178 1374 1282 1428 ὑπὲρ
1301 1382 1377 1418 τοῦ
1396 1379 1538 1427 κυρίου
1564 1374 1679 1430 ἡμῶν
1693 1373 1824 1435 Ἰησορ
1848 1384 1886 1414 15

453 1446 532 1490 τοῦ,
559 1437 607 1481 δι’
628 1456 691 1481 ων
709 1441 978 1483 ἐπεστείλατε·
1007 1438 1315 1494 ἀπεστάλκαμεν
1334 1443 1378 1483 δὲ
1402 1440 1484 1500 ffl’
1509 1439 1650 1482 αὐτῶν
1665 1439 1823 1483 Ἰούδαν

452 1507 563 1555 Hm,
593 1508 660 1546 καὶ
691 1505 846 1555 αὐτοὺς
872 1506 938 1547 διὰ
958 1505 1081 1559 λόγου
1100 1505 1430 1560 ἀπαγγέλλοντας
1450 1506 1502 1548 τὰ
1520 1505 1637 1548 αὐτά.
1685 1506 1823 1557 ἔδοξεν

452 1575 504 1621 τῷ
529 1568 630 1623 ἁγίῳ
657 1569 860 1623 πνεύματι
886 1573 954 1612 καὶ
987 1569 1083 1624 ἡμῖν
1109 1572 1244 1625 μηθὲν
1276 1573 1404 1613 πλέον
1432 1571 1693 1613 ἐπιτίθεσθαι
1728 1568 1822 1623 ὑμῖν

452 1650 469 1682 ς
489 1634 592 1689 πλὴν
619 1634 787 1676 τούτων
814 1642 902 1676 τῶν
928 1636 1165 1689 ἐπάναγκες,
1195 1633 1418 1688 ἀπέχεσθαι
1442 1635 1726 1677 εἰδωλοθύτου
1755 1638 1822 1676 καὶ

452 1714 507 1748 τος
531 1703 598 1741 καὶ
625 1704 805 1741 πνικτοῦ
834 1702 900 1742 καὶ
927 1704 1136 1753 πορνείας·
1172 1701 1216 1752 ἐξ
1244 1697 1304 1742 ὧν
1334 1702 1624 1755 διατηροῦντες
1652 1699 1823 1749 ἑαυτοὺς
1846 1706 1888 1737 20

452 1764 588 1815 ράξετε.
646 1764 871 1817 ἔρρωσθε“.

453 1828 547 1871 XIII.
585 1829 664 1883 Τὴν
697 1831 772 1881 μὲν
808 1825 884 1870 οὖν
916 1829 1137 1884 ἐπιστολὴν
1170 1830 1516 1882 ἐξαπεστείλαμεν,
1553 1830 1674 1872 αὐτοὶ
1706 1831 1750 1871 δὲ
1777 1830 1823 1871 ἐν

452 1902 495 1942 ιτς
528 1891 693 1947 ἡμέραις
730 1894 776 1936 ἐν
805 1893 1095 1948 Ἱεροσολύμοις
1133 1896 1393 1948 ἐπεμείναμεν
1434 1894 1516 1947 ἅμα
1556 1899 1823 1949 συζητοῦντες

478 1959 524 2001 τὸ
553 1960 805 2011 κοινωφελες
837 1961 893 2009 εἰς
925 1960 1164 2012 διόρθωσιν.
1221 1972 1245 2001 2
1276 1960 1426 2014 (XIII).
1462 1960 1561 2013 μετὰ
1594 1960 1823 2019 &Qog-t—og

452 2022 485 2064 “w
507 2024 823 2077 ἐπισκεψάμενοι
842 2024 942 2074 τοὺς
969 2021 1172 2076 ἀδελφοὺς
1200 2027 1269 2067 καὶ
1291 2016 1731 2079 στηρίξαντες-αὐτοῖς
1759 2030 1823 2077 τῷ
1845 2030 1887 2060 25

452 2093 544 2142 τῆς
561 2086 776 2138 εὐσεβείας,
806 2105 870 2130 και
891 2088 1262 2145 παρεγγυησάμενοι
1282 2090 1445 2143 φεύγειν
1464 2090 1617 2139 αὐτοὺς
1638 2090 1734 2139 τοὺς
1759 2088 1818 2132 ἐπ’

452 2169 507 2195 cm
534 2158 722 2206 Χριστοῦ
751 2156 817 2195 καὶ
848 2156 1030 2203 Μωσέως
1063 2160 1348 2208 πολεμοῦντας
1377 2158 1546 2208 Χριστῷ
1573 2157 1641 2196 καὶ
1672 2159 1821 2203 Μωσεῑ,

452 2220 593 2279 Q}
622 2218 838 2271 προβάτου
856 2219 933 2260 τὸν
956 2219 1084 2261 λύκον
1104 2220 1486 2272 κατακρύπτοντας·
1538 2233 1572 2274 3.
1603 2216 1719 2261 οὗτοι
1747 2220 1823 2273 γάρ

452 2284 724 2337 φευδόχριστοι
753 2285 820 2325 καὶ
839 2275 1177 2338 ψευδοπροφῆται
1205 2287 1275 2326 καὶ
1298 2285 1642 2337 ψευδαπόστολοι,
1671 2285 1823 2326 πλάνοι

452 2353 625 2400 φθορεῙς,
673 2344 928 2407 ‚Qge'afflov
965 2351 1149 2408 (affl
1186 2353 1252 2391 καὶ
1294 2350 1554 2404 χαμαιζήλων
1598 2345 1823 2407 ,ὶάμπέὲον
1847 2352 1889 2383 30

452 2456 567 2490 lGen.
586 2468 617 2500 9,
633 2465 666 2496 4.
691 2475 730 2479 —
756 2459 776 2490 3
800 2457 871 2490 Act.
894 2467 942 2498 15,
960 2465 1097 2501 22—29.
1123 2476 1162 2482 —
1186 2461 1228 2492 28
1243 2458 1302 2491 Mt.
1321 2467 1349 2500 7,
1372 2467 1418 2499 ¹5-
1446 2478 1482 2480 —
1508 2460 1549 2491 29
1568 2457 1625 2490 Mt.
1644 2455 1693 2496 254.
1716 2466 1761 2489 ιι.
1784 2475 1823 2480 -

472 2511 522 2551 62,
549 2521 599 2545 11.
624 2530 667 2535 --
692 2509 787 2543 Cant.
811 2520 841 2550 2,
867 2520 915 2553 15·

453 2610 492 2651 ι’)
513 2621 533 2640 v
558 2611 564 2650 Ι
591 2612 635 2642 22
660 2602 727 2643 οὖν
748 2613 791 2646 >
815 2609 836 2641 h
859 2619 880 2641 ο
906 2610 911 2648 1
936 2612 978 2643 25
1002 2607 1126 2643 ἱκανὸν
1148 2614 1191 2648 >
1216 2620 1237 2643 ο
1259 2611 1264 2651 Ι
1283 2610 1514 2651 στηρίσαντες
1537 2619 1554 2641 a
1577 2609 1666 2651 (corr
1689 2609 1737 2650 a·-')
1762 2620 1781 2640 v
1810 2608 1815 2649 Ι

452 2668 523 2703 ,·>
548 2664 569 2696 b
592 2673 616 2696 o
638 2665 642 2702 i
663 2665 716 2707 τῷ
737 2667 781 2701 >
805 2673 824 2706 p
849 2675 868 2695 v
895 2666 898 2704 Ι
926 2665 969 2697 26
992 2661 1184 2706 εὐσεβείας
1208 2675 1215 2696 :
1239 2660 1413 2706 ἀληθείας
1435 2663 1455 2696 b
1476 2665 1480 2702 ἰ
1500 2668 1629 2705 φυγεῖν
1652 2663 1671 2695 b
1695 2672 1716 2695 o
1737 2664 1742 2703 Ι
1762 2659 1823 2697 αύ-

467 2719 532 2759 127
557 2719 724 2759 Χριστοῦ
747 2727 765 2749 a
788 2717 808 2749 b
831 2717 852 2749 h
875 2727 896 2749 o
921 2729 928 2749 :
952 2720 987 2752 ιῦ
1010 2717 1031 2749 d
1055 2727 1073 2750 e
1097 2728 1117 2760 p
1141 2730 1160 2748 v
1180 2724 1185 2756 Ι
1205 2720 1452 2758 πολεμοῦντας
1474 2729 1482 2751 :
1507 2720 1726 2758 πολεμοῦσιν
1749 2717 1780 2750 G
1811 2718 1815 2759 1

452 2773 577 2816 ϊριστῷ
602 2784 638 2804 κ.
664 2771 713 2804 M.
735 2774 779 2808 >
803 2771 822 2802 b
845 2781 867 2803 o
892 2770 899 2813 Ι
923 2774 966 2804 28
988 2768 1183 2813 προβάτων
1206 2769 1224 2804 ἐι
1248 2771 1269 2803 h
1293 2771 1324 2804 S.
1349 2770 1381 2804 S.
1413 2774 1416 2808 Ι
1449 2770 1510 2804 τὸν
1532 2768 1640 2805 λύκον
1664 2783 1670 2803 :
1695 2769 1824 2810 λύκους

457 2836 477 2859 ο
496 2828 500 2864 2
520 2821 843 2867 κατακρύπτοντας·
861 2836 869 2858 :
885 2823 1197 2867 κατακρύπτουσιν
1215 2825 1256 2864 G,
1283 2828 1319 2864 -}-
1340 2822 1402 2863 τὰς
1425 2823 1562 2859 ἑαυτῶν
1577 2826 1706 2863 κακίας
1722 2825 1741 2857 b
1760 2835 1780 2857 o
1811 2827 1816 2866 ξ

455 2880 473 2912 b
494 2890 517 2913 o
537 2881 543 2917 ἱ
563 2882 608 2914 29
634 2880 696 2912 καὶ
721 2889 758 2922 pr
780 2883 823 2917 >
846 2879 867 2911 d
891 2889 910 2912 e
933 2890 953 2923 p
978 2891 997 2911 v
1016 2881 1021 2921 Ι
1044 2883 1085 2913 30
1105 2881 1316 2922 χαμαίζηλοι
1343 2879 1362 2910 b
1385 2889 1406 2911 o
1425 2880 1431 2920 1
1452 2876 1675 2920 ἀμπελώνων
1698 2889 1715 2910 a
