2457 3436
734 362 1048 393 oomwuotms
1075 363 1341 393 APOSTOLORUM
1372 365 1421 399 v1,
1449 366 1479 402 3,
1501 366 1533 397 2.
1804 355 1882 394 307

464 443 510 490 ὥς
543 464 707 511 τεῖχος
730 457 784 500 τὰ
811 456 945 500 ὕδατα
963 458 1088 500 ἔνθεν
1116 461 1184 500 καὶ
1212 458 1338 501 ἔνθεν
1356 460 1628 514 διαστήσαντα
1654 463 1722 502 καὶ
1743 459 1802 509 ὥς
1828 460 1884 502 δι’

452 520 531 574 ἥψω
562 521 697 574 ξηρᾶς
715 522 794 565 τὸν
812 523 918 565 λαὸν
947 522 1150 578 α’γηοχότα
1176 526 1243 566 καὶ
1261 527 1493 574 βυθίσαντα
1514 525 1670 579 Φαραώ
1695 528 1763 567 καὶ
1785 525 1884 575 τοὺς

452 581 740 659 Qum}
772 587 934 637 πάντας
966 588 1064 637 τοὺς
1090 585 1183 641 παρ’
1216 586 1356 631 αὐτῶν
1382 589 1471 642 μετ’
1498 586 1652 640 αὐτῶν,
1687 591 1764 632 τὸν
1789 595 1882 645 γλυ-

453 647 588 690 ΕΝΠΩ
616 653 737 733 πηῖἡν
765 652 907 702 αὐτοῖς
935 653 1002 695 διὰ
1028 652 1153 705 ξύλου
1183 655 1251 695 καὶ
1270 654 1316 695 ἐκ
1343 656 1495 706 πέτρας
1523 653 1757 708 α’κροτόμου
1781 671 1882 708 προ-

468 721 614 766 We
627 717 757 768 αυτοῖς
785 718 902 772 υδωρ
930 720 1120 770 διψῶσιν,
1149 718 1226 761 τὸν
1253 719 1295 770 ἐξ
1315 718 1499 772 ουρανοῦ
1515 720 1882 773 μαννοδοτήσαντα

461 772 569 825 ἆωῖς
586 786 637 824 καὶ
660 784 698 835 ἐξ
723 783 845 837 α’έρος
872 783 1213 837 κρεοόοτὴσαντα,
1249 783 1325 825 τὸν
1353 788 1506 826 στῦλον
1533 784 1666 837 πυρὸς
1693 786 1738 826 ἐν
1765 788 1884 827 νυκτὶ

474 841 518 890 ὦ·
534 849 691 900 φωτισμον
707 852 776 891 καὶ
806 848 975 904 ὁὸηγίαν
994 849 1273 902 παρεχόμενον
1293 846 1434 897 αὐτοῖς
1452 852 1519 890 καὶ
1539 854 1695 891 στῦλον
1713 851 1882 905 νεφέλης

470 906 513 956 3¹3
530 913 677 965 Μασμὸν
701 912 849 968 ἡμέρας
877 914 944 956 διὰ
968 913 1047 956 τὸν
1074 914 1117 965 ἐξ
1143 910 1261 967 ἡλίου
1287 914 1486 967 φλογμόν,
1515 914 1591 956 τὸν
1618 914 1747 967 νόμον
1775 920 1882 957 θεοῦ

465 973 500 1014 ὲ*
517 975 671 1028 στόματος
697 982 765 1020 καὶ
779 980 917 1033 χειρὸς
944 981 1014 1021 καὶ
1040 984 1199 1031 γραφῆς
1219 983 1323 1020 θεοῦ
1351 979 1396 1020 ἐν
1415 981 1536 1030 πλαξὶ
1560 981 1737 1027 λιθίναις
1766 996 1881 1022 κεκο-

458 1040 607 1091 lupulto»
628 1043 936 1098 παρασχόμενον
971 1040 1111 1092 αὐτοῖς
1143 1047 1302 1086 τελείου
1331 1041 1513 1096 ἀριθμοῦ
1546 1046 1782 1098 δεκάλογον,
1816 1041 1881 1099 ,,ᾦ

454 1100 565 1155 ὗθεός
583 1108 752 1158 ἐνώπιος
784 1109 951 1162 ἐνωπίῳ
979 1107 1132 1162 ὡμίλει,
1170 1106 1266 1151 ὡσεί
1293 1125 1355 1156 τις
1389 1109 1561 1161 λαλήσαι
1595 1109 1703 1162 πρὸς
1732 1101 1881 1153 {avtffi

452 1172 569 1221 '1105‘ss
591 1176 677 1225 περὶ
704 1171 756 1216 οὗ
783 1173 912 1216 εἶπεν·
939 1176 1051 1224 „Kal
1078 1173 1155 1215 οὐκ
1184 1174 1334 1227 α’νέστη
1361 1174 1575 1228 προφήτης
1603 1173 1662 1223 ὡς
1691 1166 1881 1228 Μωσῆςῖ

452 1245 472 1276 ι
490 1237 603 1290 τούτῳ
619 1238 895 1294 ἐπανέστησαν
923 1239 962 1282 οἱ
983 1242 1174 1291 Κορεῑται
1202 1241 1269 1280 καὶ
1299 1238 1338 1280 οἱ
1353 1237 1613 1293 Ῥουβηλῑται,
1643 1242 1710 1281 καὶ
1736 1244 1881 1289 λίθους

452 1297 554 1349 Paion
583 1304 684 1345 κατὰ
723 1310 802 1346 τοῦ
840 1306 1023 1353 Μωσέως
1059 1306 1389 1357 προσευχομένου
1428 1306 1496 1346 καὶ
1536 1306 1743 1357 λέγοντος·
1782 1305 1881 1358 ,,Μὴ

452 1366 578 1428 Q
601 1370 656 1418 εἰς
682 1369 762 1422 τὴν
788 1372 941 1411 θυσίαν
968 1367 1150 1418 αὐτῶν“,
1187 1372 1254 1411 καὶ
1283 1366 1460 1420 ὀφθεῖσα
1487 1369 1512 1423 ἦ
1542 1370 1642 1421 δόξα
1669 1376 1748 1412 τοῦ
1777 1376 1881 1411 θεοῦ

452 1431 511 1481 ὀὖς
528 1436 595 1485 μὲν
611 1436 666 1483 εἰς
693 1440 770 1486 γῆν
790 1434 1047 1494 κατήνεχκεν,
1075 1434 1176 1484 τοὺς
1193 1436 1236 1476 δὲ
1255 1437 1354 1487 πυρὶ
1371 1437 1628 1486 κατέφλεξεν,
1656 1437 1725 1476 καὶ
1744 1434 1878 1484 οὕτως

452 1496 508 1546 οὖς
539 1495 730 1554 ἀρχηγοὺς
771 1505 843 1554 τῆς
883 1500 1040 1555 πλάνης
1081 1505 1158 1542 τοῦ
1201 1502 1417 1552 σχίσματος
1454 1501 1668 1558 λέγοντας·
1712 1502 1881 1552 „Admau

452 1558 573 1615 ’φηγὸν
605 1562 805 1614 ἓαυτοτς“,
839 1563 1030 1618 υῆνοιξεν
1056 1562 1081 1618 ἡ
1108 1570 1158 1618 γῆ
1186 1565 1236 1607 τὸ
1266 1565 1398 1618 στόμα
1427 1563 1556 1619 αὐτῆς
1589 1567 1657 1606 καὶ
1692 1566 1881 1606 κατέπιεν

452 1622 552 1676 εὖτοὺς
579 1631 647 1670 καὶ
677 1629 755 1678 τὰς
788 1629 940 1684 σκηνὰς
976 1626 1116 1671 αὐτῶν
1144 1632 1210 1671 καὶ
1245 1629 1325 1683 τὴν
1358 1629 1592 1682 ἀποσκευὴν
1626 1628 1779 1679 αὐτῶν,
1814 1631 1882 1670 καὶ

1907 1052 1947 1083 10

1906 1374 1947 1406 16

452 1696 605 1746 uv‘pfflov
649 1694 707 1742 εἰς
743 1692 846 1749 ᾅδου
878 1699 1043 1746 ζῶντες,
1090 1694 1188 1743 τοὺς
1233 1696 1277 1736 δὲ
1314 1697 1513 1746 Κορείτας
1560 1689 1770 1735 ἀπώλεσεν
1815 1693 1882 1735 διὰ
1902 1697 1946 1728 20

452 1757 563 1809 mu·

510 1890 528 1922 ³
546 1888 601 1922 Ex.
627 1898 678 1931 15,
695 1898 751 1931 25;
775 1898 824 1932 17,
840 1889 870 1922 6.
895 1909 936 1914 —
960 1893 979 1923 ὅ
1001 1889 1059 1922 Ex.
1078 1888 1128 1921 16.
1153 1907 1193 1913 -
1217 1891 1238 1922 6
1260 1888 1318 1922 Ex.
1345 1898 1394 1931 13,
1413 1897 1464 1921 21.
1490 1907 1528 1912 --
1552 1893 1573 1922 Β
1596 1888 1654 1921 Ex.
1679 1897 1816 1927 20-40.
1839 1907 1879 1912 —

452 1940 522 1976 Mix-
543 1953 660 1985 33,11.
685 1962 723 1966 —-
751 1946 791 1977 12
814 1943 911 1977 Deut.
937 1952 1058 1986 34‚10.
1081 1962 1121 1965 --
1149 1946 1188 1976 14
1212 1942 1309 1976 Num.
1331 1942 1379 1988 155,
1399 1952 1448 1984 15.
1472 1961 1512 1965 ——
1540 1945 1578 1976 17
1603 1942 1701 1975 Num.
1721 1951 1769 1982 14,
1785 1951 1815 1981 4.
1840 1962 1879 1967 —

452 1994 631 2037 3Num.16‚
659 2006 708 2039 32·
736 2006 784 2040 33.

505 2107 525 2138 2
543 2102 726 2148 ἀγηοχότα
756 2115 775 2138 a
800 2104 860 2137 h
851 2129 860 2138 .
890 2101 1068 2168 η’γηοχότα
1091 2101 1209 2148 (-ότας
1224 2104 1245 2137 b
1260 2104 1297 2147 0)
1320 2103 1366 2137 rel
1399 2106 1402 2144 Ι
1432 2105 1625 2146 βυθιοαντι
1656 2104 1676 2136 b
1698 2104 1719 2136 d
1742 2114 1761 2137 e
1784 2114 1805 2137 0
1828 2107 1878 2148 p'

452 2158 467 2191 tl
483 2168 532 2192 sec
552 2164 596 2199 >
619 2159 642 2192 b
665 2169 688 2192 0
707 2161 712 2201 Ι
731 2162 754 2194 4
775 2156 866 2193 διεὶς
888 2156 980 2201 μετὰ
1004 2170 1024 2203 p
1047 2170 1069 2192 v
1096 2161 1100 2198 Ι
1124 2160 1182 2201 4Ῐ5
1204 2170 1333 2201 προαγ.
1357 2155 1479 2197 αὐτοῖς
1501 2170 1544 2188 ω
1567 2168 1586 2192 a
1610 2160 1616 2198 Ι
1643 2162 1663 2192 5
1687 2153 1784 2201 ὕδωρ
1806 2160 1881 2200 ὀιψ.

461 2216 500 2255 οΙ
518 2208 612 2257 υόωρ
626 2218 673 2253 >
689 2213 712 2247 b
730 2213 736 2254 Ι
753 2210 1081 2256 μανναδωτήσαντα
1099 2223 1120 2245 o
1139 2214 1145 2255 Ι
1164 2216 1185 2247 6
1207 2209 1338 2252 αὐτοὺς
1360 2212 1381 2244 d
1399 2222 1418 2245 e
1438 2212 1461 2245 h
1480 2215 1484 2254 Ι
1505 2208 1806 2255 κρεωλογὴσαντα
1829 2222 1847 2244 a
1875 2214 1878 2254 Ι

452 2279 463 2298 v
480 2266 516 2302 ἐν
537 2269 636 2302 νυκτί
660 2278 715 2301 στ.
738 2266 850 2309 πυρὸς
872 2267 893 2299 d
916 2277 944 2307 e,
968 2264 1030 2301 τὸν
1052 2265 1092 2301 ἐν
1114 2278 1143 2300 ν.
1165 2270 1237 2310 πῦρ
1259 2266 1280 2299 b
1303 2276 1325 2299 0
1357 2268 1362 2308 Ι
1394 2270 1412 2300 7
1435 2263 1682 2309 παρεχόμενος
1705 2276 1736 2306 o,
1766 2277 1879 2308 παρα-

452 2322 553 2362 νμένω
576 2322 597 2354 d
614 2332 635 2355 e
655 2325 660 2363 Ι
680 2318 803 2360 αὐτοῖς
826 2333 834 2354 :
857 2326 932 2364 post
952 2316 1102 2364 ὃδηγίαν
1116 2321 1137 2353 b
1155 2320 1176 2353 d
1195 2330 1213 2353 e
1231 2331 1253 2353 o
1273 2322 1279 2362 Ι
1301 2324 1341 2354 10
1364 2317 1522 2363 ἀριθμὸν
1540 2321 1559 2354 b
1579 2322 1584 2362 Ι
1604 2316 1812 2362 δεκαλόγων
1826 2330 1847 2351 0
1874 2320 1878 2361 Ι

452 2371 622 2417 eckha,
647 2367 828 2416 ὧνάΙιι
852 2369 1259 2415 ὃ>δοΙιὸσείεώς
1283 2372 1384 2417 εἴπερ
1408 2374 1621 2416 εὶλαλήσαι
1645 2374 1750 2406 ahe
1774 2384 1782 2405 z
1806 2384 1878 2406 -σει

452 2429 499 2464 Ιο
520 2442 541 2475 p
565 2442 586 2463 v
617 2433 622 2469 Ι
654 2427 744 2472 πρὸς
765 2440 785 2462 a
807 2429 830 2461 h
858 2440 866 2462 :
898 2432 936 2469 -Ι-
961 2426 1024 2462 τὸν
1050 2428 1097 2461 rel
1125 2428 1217 2461 LXX
1247 2429 1253 2471 Ι
1285 2431 1324 2463 13
1352 2431 1459 2463 τοῦτο
1489 2437 1507 2460 e
1539 2428 1543 2468 Ι
1574 2427 1805 2470 ῥουβουλῖται
1828 2427 1848 2458 d
1875 2427 1878 2467 Ι

457 2481 608 2528 ἔβαλλον
630 2495 651 2517 a
673 2484 695 2517 d
715 2485 723 2525 Ι
746 2481 838 2517 κατὰ
861 2486 925 2518 τοῦ
944 2494 964 2516 a
986 2483 1007 2515 d
1030 2494 1038 2516 τ
1062 2479 1139 2516 κατ’
1162 2479 1273 2518 αὐτοῦ
1296 2492 1314 2515 e
1336 2483 1359 2515 h
1382 2493 1402 2526 p
1427 2493 1458 2521 v,
1481 2479 1573 2515 κατὰ
1597 2481 1618 2513 b
1641 2491 1662 2513 o
1688 2483 1693 2521 Ι
1721 2484 1759 2514 17
1784 2481 1881 2522 σχίσ-

452 2551 500 2578 ὀς
521 2551 530 2572 :
557 2543 594 2579 -Ι-
619 2535 707 2578 τοὺς
726 2538 775 2580 hl
797 2541 838 2572 18
859 2535 1038 2581 ἀρχηγοὺς
1060 2547 1082 2570 o
1100 2539 1106 2579 Ι
1126 2533 1259 2579 αὖτῆςε
1282 2533 1403 2575 αὐτοῖς
1425 2547 1447 2569 o
1467 2537 1473 2578 Ι
1492 2539 1535 2569 20
1557 2537 1742 2578 κατῆλθον
1757 2545 1775 2567 a
1791 2535 1811 2567 b
1827 2544 1849 2566 o
1872 2545 1879 2567 :

453 2591 622 2636 ήλθοσαν
643 2591 693 2625 rel

452 2714 518 2758 log.
542 2724 571 2747 c.
599 2722 674 2756 131.
708 2731 747 2736 —
783 2713 924 2746 τελείου
946 2708 1106 2755 ἀριθμοῦ
1173 2709 1278 2744 miton
1293 2708 1362 2754 γὰρ
1378 2709 1417 2744 ἐν
1434 2713 1475 2752 τῇ
1488 2706 1621 2752 δεκάτῃ
1637 2711 1710 2743 τῶν
1721 2708 1883 2749 ὶλασμιῦν

452 2765 604 2811 ἄλογον]
616 2766 787 2810 Origenes
798 2765 925 2799 selecta
942 2766 975 2799 in
987 2765 1104 2799 Ierem.
1172 2763 1425 2806 ἀναφέρονται,
1455 2765 1518 2797 καὶ
1549 2762 1745 2805 όεκᾰλογος
1773 2760 1812 2796 ἐν
1841 2763 1881 2803 τῇ

452 2817 734 2866 17;”Ορα..τὸν
749 2819 903 2854 δέκατον
914 2817 1105 2863 (ἀριθμὸν)
1171 2815 1294 2861 πρώτῃ
1334 2818 1532 2863 νομοθεσίᾳ
1569 2817 1635 2859 (ed.
1671 2815 1791 2849 Bened.
1826 2814 1881 2853 111,

452 2889 522 2912 ,τιον
545 2872 637 2911 ὄντα
661 2876 724 2909 καὶ
747 2874 885 2909 οἰκεῖον
909 2877 1016 2909 θεοῦ·
1048 2877 1105 2908 δε·
1174 2873 1261 2916 308).

1691 2923 1752 2956 20⁴K
