2457 3436
953 849 1145 895 PRAE
1152 849 1381 897 FATIO.

446 1094 590 1148 {Qum
621 1092 713 1126 ante
743 1084 827 1126 duo
855 1083 934 1126 fere
959 1084 1147 1126 decennia
1168 1098 1468 1139 cognoscerem,
1498 1085 1766 1127 Sebastianum
1789 1087 1910 1142 Drey,

443 1143 519 1198 ᾗῇ
552 1151 733 1205 quamvis
764 1150 914 1203 optime
935 1149 983 1191 de
1003 1149 1363 1192 Constitutionibus
1383 1150 1654 1204 apostolorum
1675 1151 1911 1193 elucidandis

415 1217 617 1265 meritum,
653 1213 704 1255 de
734 1228 867 1255 earum
898 1215 1050 1268 origine
1085 1223 1125 1257 et
1152 1223 1333 1268 tempore
1367 1216 1496 1257 minus
1525 1224 1631 1257 recte
1659 1217 1838 1268 sensisse,
1874 1224 1914 1258 et

414 1289 623 1322 tractatum
654 1279 704 1321 de
729 1293 852 1333 opere
880 1293 1122 1334 componere
1142 1281 1376 1336 coepissem,
1406 1281 1471 1336 qui
1492 1281 1562 1322 sub
1582 1281 1695 1322 titulo
1717 1281 1793 1322 Die
1811 1283 1912 1337 Apo-

413 1345 612 1386 stolischen
641 1344 939 1386 Konstitutionen
966 1358 1072 1386 anno
1107 1346 1202 1398 1891
1238 1346 1276 1386 in
1307 1344 1433 1386 lucem
1465 1346 1621 1400 prodiit,
1659 1354 1748 1388 ante
1779 1348 1913 1388 omnia

416 1409 638 1452 Didascalia
659 1409 944 1463 apostolorum,
964 1409 1053 1451 fons
1071 1409 1259 1451 librorum
1279 1410 1409 1452 I—VI
1425 1410 1782 1462 Constitutionum,
1802 1426 1913 1454 accu-

414 1478 533 1517 ratius
571 1475 669 1515 mihi
706 1474 970 1528 perspicienda
1005 1483 1097 1517 erat.
1152 1475 1292 1517 Paulus
1328 1475 1376 1516 de
1405 1475 1578 1530 Lagarde
1618 1476 1720 1517 hunc
1759 1476 1912 1527 librum,

415 1543 566 1596 syriace
596 1539 712 1581 nobis
741 1539 937 1591 traditum,
971 1554 1064 1582 sane
1097 1554 1236 1594 graece
1269 1542 1500 1582 restituerat.
1558 1542 1610 1582 At
1639 1542 1767 1582 versio
1798 1543 1912 1596 primi

415 1607 552 1660 capitis
599 1606 838 1659 germanica,
882 1619 996 1660 quam
1041 1606 1109 1647 Dr.
1150 1606 1301 1647 Zenker
1344 1605 1482 1646 Ioanni
1526 1604 1725 1646 Guilelmo
1770 1606 1912 1647 Bickell

413 1670 729 1712 communicavit
766 1677 805 1711 et
839 1670 900 1711 hic
935 1670 975 1711 in
1004 1684 1070 1711 sua
1099 1670 1271 1712 Historia
1301 1671 1395 1711 iuris
1424 1669 1671 1711 ecclesiastici
1699 1670 1717 1711 I
1747 1669 1911 1725 (1843),

417 1738 637 1789 148—150
679 1735 898 1789 publicavit,
944 1734 1046 1776 illam
1093 1737 1316 1777 versionem
1362 1749 1444 1776 non
1489 1733 1643 1776 fidelem
1689 1749 1774 1776 esse
1817 1736 1912 1776 mihi

411 1801 604 1843 ostendit.
663 1800 876 1842 Scientiam
903 1799 986 1842 libri
1017 1814 1111 1854 ergo
1148 1801 1356 1842 certiorem
1396 1800 1585 1854 consequi
1621 1800 1837 1851 studebam,
1874 1809 1911 1842 et

409 1868 602 1908 Albertus
638 1865 776 1915 Socin,
811 1864 958 1918 collega
993 1872 1032 1906 et
1063 1867 1223 1915 amicus,
1261 1864 1519 1906 Didascaliam
1555 1866 1742 1919 syriacam
1779 1864 1913 1919 benig-

408 1934 581 1973 nissime
625 1931 722 1971 mihi
760 1930 1087 1984 interpretabatur.
1145 1931 1248 1972 Cum
1285 1937 1415 1971 autem
1456 1944 1545 1971 cum
1583 1931 1695 1971 huius
1730 1931 1913 1972 versione

407 1996 702 2051 Lagardianam
745 1994 977 2045 conferrem,
1018 1995 1178 2036 Paulum
1220 1995 1268 2036 de
1307 1995 1479 2048 Lagarde
1520 2003 1667 2050 partem
1709 1995 1791 2036 libri
1834 1995 1914 2036 fere

407 2062 700 2103 duodecimam
748 2060 963 2113 neglexisse
1009 2060 1274 2102 animadverti.
1344 2060 1477 2114 Itaque
1522 2060 1659 2101 librum
1705 2060 1831 2114 ipsum
1878 2068 1915 2101 et

405 2127 579 2182 quidem
610 2125 731 2167 latine
766 2138 918 2166 versum
955 2125 1070 2167 edere
1105 2125 1271 2166 decrevi.
1329 2125 1510 2179 Cumque
1547 2125 1672 2165 maior
1709 2125 1792 2165 libri
1828 2139 1915 2178 pars

405 2195 448 2233 in
483 2188 856 2233 constitutionibus
884 2190 1150 2243 apostolorum
1181 2203 1318 2242 graece
1348 2189 1529 2238 tradatur,
1561 2189 1628 2230 has
1648 2189 1699 2229 illi
1720 2189 1916 2231 addendas

407 2272 500 2298 esse
526 2257 666 2297 censui
687 2262 728 2296 et
747 2262 895 2296 textum
915 2255 991 2296 iam
1013 2255 1245 2309 publicatum
1268 2255 1389 2309 repeti
1405 2268 1520 2308 posse
1537 2255 1679 2308 putavi.
1716 2254 1917 2296 Editiones

406 2336 513 2363 vero
551 2321 650 2362 duas
686 2320 934 2370 novissimas,
969 2320 1246 2373 Lagardianam
1283 2328 1321 2361 et
1350 2320 1573 2370 Pitrianam,
1612 2320 1824 2361 accuratius
1861 2321 1917 2359 in-

408 2388 607 2441 spiciens,
637 2385 745 2426 brevi
776 2394 950 2426 neutram
981 2384 1158 2427 sufficere
1187 2386 1373 2438 cognovi.
1423 2385 1555 2434 Quam
1587 2384 1638 2425 ob
1661 2398 1744 2425 rem
1765 2391 1915 2425 textum

410 2452 769 2493 Constitutionum
801 2450 930 2491 denuo
960 2464 1162 2492 recensere
1192 2464 1396 2504 aggressus
1417 2464 1502 2490 sum
1534 2464 1576 2490 ac
1604 2448 1773 2499 codices,
1804 2457 1916 2503 quot-

409 2525 517 2572 quot
539 2516 638 2557 mihi
661 2516 928 2565 innotuerunt,
958 2517 1119 2567 excussi,
1141 2515 1485 2564 vindobonenses,
1509 2514 1705 2554 Parisinos
1725 2521 1763 2554 et
1783 2513 1918 2554 Petro-

411 2583 665 2635 burgensem
701 2580 918 2633 Tubingae,
954 2580 1062 2632 alios,
1102 2582 1168 2635 qui
1203 2580 1298 2621 mihi
1334 2594 1415 2621 non
1452 2579 1715 2629 mittebantur,
1755 2579 1918 2628 Romae,

410 2646 657 2695 Mediolani,
678 2645 981 2700 Hierosolymis,
1001 2645 1366 2699 Constantinopoli3
1391 2658 1536 2699 paucos
1557 2645 1618 2685 alii
1638 2643 1919 2696 benignissime

410 2713 515 2755 mihi
548 2709 807 2753 contulerunt
834 2710 895 2752 vel
924 2711 1188 2765 inspexerunt.
1237 2710 1339 2751 Cum
1363 2709 1519 2750 codices
1539 2709 1651 2750 multi
1681 2715 1718 2749 et
1749 2708 1786 2748 in
1818 2708 1919 2759 regi-

408 2778 564 2819 «nibus
595 2775 768 2817 remotis
801 2776 984 2817 asservati
1018 2775 1224 2817 adhibendi
1261 2781 1403 2823 essent,
1443 2774 1567 2815 multo
1604 2781 1784 2827 tempore
1821 2785 1920 2825 opus

408 2851 509 2886 erat.
575 2845 706 2882 Anno
739 2842 832 2893 1895
865 2855 966 2894 opus
1001 2855 1132 2881 meum
1169 2839 1326 2894 quidem
1366 2841 1442 2880 iarn
1478 2845 1797 2879 consummatum
1836 2850 1922 2876 esse

1758 2901 1791 2933 Ι*
