2457 3436
945 378 1089 408 POENAE
1118 378 1187 407 PRO
1215 378 1352 407 nnsis.
1816 368 1890 406 157

512 474 581 516 IX.
613 474 694 525 Qui
721 474 1027 516 incantationem
1048 481 1086 515 et
1106 474 1273 528 magiam
1296 480 1462 524 exercet,
1492 481 1577 515 esto
1599 474 1892 514 communionis

393 553 541 594 expers
570 553 696 580 annos
725 538 817 580 XX.

510 604 563 645 X.
580 605 661 655 Qui
676 604 820 645 occidit
834 603 1064 654 voluntarie,
1074 604 1438 645 excommunicetur
1451 617 1572 658 usque
1585 602 1633 643 ad
1645 601 1765 643 finem
1781 602 1891 643 vitae.

512 669 581 710 XI.
616 669 678 710 De
707 683 770 719 eo,
805 669 870 723 qui
905 668 1049 710 occidit
1076 669 1201 710 invito
1230 669 1377 718 animo,
1413 675 1564 723 septem
1601 680 1726 708 annos
1761 665 1893 708 decre-

400 741 544 775 verunt
583 732 800 788 coapostoli
835 734 930 783 mei;
976 746 1051 787 ego
1088 734 1223 774 Petrus
1264 732 1378 774 iubeo
1418 748 1508 774 eum
1549 732 1729 774 undecim
1766 746 1891 773 annos
1916 742 1931 768 ι·

401 799 697 840 communionis
727 805 926 852 expertem
957 812 1054 839 esse.

512 863 598 905 XII.
627 863 856 904 Fornicator
885 864 1179 905 communionis
1210 877 1345 918 expers
1375 870 1460 904 esto
1489 869 1641 917 septem
1670 875 1808 903 annos.

512 928 617 970 XIII.
646 928 809 970 Adulter
837 942 963 970 annos
992 928 1099 970 XIV.

512 993 619 1034 XIV.
656 994 718 1034 De
753 992 975 1035 mulieribus
1005 992 1271 1035 meretricibus
1307 992 1428 1034 fetum
1465 991 1816 1046 corrumpentibus,
1852 1000 1894 1033 ut

404 1057 567 1112 perdant
593 1057 749 1109 liberos,
785 1071 907 1113 usque
935 1057 982 1099 ad
1013 1059 1158 1100 exitum
1187 1059 1288 1099 vitae
1318 1049 1602 1099 communione
1631 1058 1799 1111 privatis,
1834 1058 1891 1098 in-

403 1122 625 1177 dulgentius
654 1137 718 1164 eas
747 1122 994 1165 decernimus
1023 1123 1161 1164 decern
1190 1138 1316 1165 annos
1352 1130 1458 1164 extra
1488 1122 1689 1164 ecclesiam
1720 1136 1890 1164 manere.

510 1188 601 1230 XV.
638 1188 778 1230 Mulier
811 1189 843 1228 si
879 1187 1064 1230 fornicata
1099 1187 1213 1230 fuerit
1243 1202 1332 1230 cum
1363 1187 1515 1229 duobus
1544 1186 1734 1236 fratribus,
1770 1201 1892 1242 usque

403 1253 450 1294 ad
479 1260 650 1294 mortem
679 1267 729 1294 ne
760 1254 1038 1295 communicet.

511 1318 620 1359 XVI.
658 1318 790 1359 Frater
818 1325 856 1359 et
884 1331 998 1359 soror
1033 1317 1341 1360 concumbentes
1377 1318 1516 1372 viginti
1550 1331 1676 1359 annos
1705 1331 1755 1358 ne
1785 1331 1893 1358 com-

403 1383 616 1424 municent.

513 1447 639 1489 XVII.
684 1447 765 1498 Qui
805 1448 932 1489 sorori
968 1449 1147 1503 propriae
1182 1462 1229 1489 ex
1263 1456 1370 1502 patre
1406 1455 1445 1489 et
1479 1455 1601 1489 matre
1636 1448 1715 1489 vim
1752 1445 1892 1497 intulit,

405 1514 437 1553 si
466 1512 514 1553 ad
543 1513 819 1567 paenitentiam
849 1512 1011 1564 accedit,
1040 1527 1165 1554 annos
1195 1513 1313 1554 XXV
1343 1527 1393 1554 ne
1423 1513 1703 1554 communicet.

510 1577 656 1618 XVIII.
686 1577 768 1627 Qui
797 1579 993 1632 propriam
1023 1592 1164 1619 nurum
1195 1579 1400 1632 oppressit,
1430 1591 1555 1619 annos
1584 1577 1715 1618 XXV.

511 1642 620 1683 XIX.
652 1642 734 1693 Qui
763 1642 1045 1697 turpitudinem
1074 1642 1254 1684 masculis
1283 1642 1469 1693 ostendit,
1498 1657 1624 1684 annos
1653 1642 1761 1684 XIV.

510 1707 601 1748 XX.
633 1707 715 1758 Qui
742 1708 868 1761 turpia
897 1721 986 1749 cum
1017 1707 1223 1762 pecoribus
1251 1708 1341 1761 agit,
1370 1721 1497 1748 annos
1526 1708 1635 1749 XIV.

511 1771 620 1813 XXI.
652 1772 691 1813 Si
711 1773 796 1827 quis
818 1785 981 1814 uxorem
1001 1772 1146 1813 habens
1166 1779 1289 1814 aetate
1309 1779 1518 1826 provectus
1540 1771 1710 1826 pecudes
1731 1771 1891 1821 invadit,

402 1850 524 1891 usque
552 1836 600 1878 ad
631 1838 776 1878 exitum
806 1838 907 1879 vitae
936 1852 987 1879 ne
1017 1838 1297 1879 communicet.

511 1902 638 1943 XXII.
679 1902 720 1943 Si
760 1903 845 1957 quis
884 1902 1179 1957 sepulchrorum
1219 1902 1385 1944 violator
1427 1909 1497 1953 est,
1539 1916 1588 1943 ne
1627 1902 1893 1943 communicet

404 1981 531 2007 annos
560 1967 652 2017 XV,
682 1969 857 2022 periurus
885 1981 1010 2009 annos
1038 1968 1129 2009 XV.

511 2032 658 2073 XXIII.
689 2032 770 2082 Qui
799 2046 868 2086 per
896 2033 1168 2074 necessitatem
1199 2039 1236 2073 et
1266 2032 1346 2073 vim
1375 2032 1554 2087 periurat,
1584 2044 1709 2072 annos
1738 2038 1889 2085 septem

403 2111 453 2138 ne
482 2098 761 2138 communicet.

446 2202 619 2248 xlnoy').
630 2205 767 2238 Basilius
777 2205 848 2247 c.58
858 2205 1002 2238 decernit
1012 2215 1116 2238 annos
1225 2205 1334 2239 XVIII
1356 2202 1446 2249 (ιη’).
1478 2206 1604 2239 Auctor
1634 2206 1776 2238 imitatur
1804 2205 1895 2238 Basi-

401 2258 475 2298 XV,
490 2259 636 2303 synodus
649 2260 822 2304 Ancyrana
835 2270 862 2292 c.
877 2268 918 2293 20
929 2269 1032 2292 annos
1047 2259 1116 2292 VII.
1182 2259 1262 2292 lium
1285 2271 1311 2293 c.
1337 2259 1388 2302 76.

445 2312 523 2346 XIV
535 2309 623 2356 (ιδ’).
636 2313 761 2346 Auctor
772 2323 934 2346 canonem
949 2313 1025 2346 XXI
1038 2324 1116 2358 syn·
1227 2313 1303 2346 XIX
1328 2311 1420 2356 (19').
1452 2314 1577 2346 Auctor
1605 2312 1674 2345 fere
1697 2312 1737 2345 ad
1758 2313 1892 2345 verbum

401 2366 457 2399 odi
473 2367 671 2411 Ancyranae
692 2366 759 2400 sere
781 2367 821 2400 ad
837 2367 972 2400 verbum
989 2369 1115 2411 repetit.
1183 2369 1327 2412 sequitur
1350 2367 1507 2400 Basilium
1530 2378 1557 2400 c.
1583 2376 1634 2409 72.

446 2419 508 2454 XV
521 2417 609 2463 (ιε’).
626 2420 717 2454 Idem
729 2421 875 2455 decernit
889 2421 1034 2466 synodus
1047 2423 1115 2454 An·
1225 2421 1288 2454 XX
1311 2421 1385 2465 (κ’).
1410 2421 1563 2454 Similiter
1585 2421 1722 2454 Basilius
1746 2432 1774 2454 c.
1798 2430 1849 2463 73.

401 2484 521 2518 cyrana
551 2485 578 2507 c.
611 2484 629 2507 2
659 2475 813 2508 adversus
850 2475 1018 2517 seminam,
1053 2474 1117 2510 ἐὰν
1225 2475 1303 2509 XXI
1319 2473 1420 2519 (κοτ’).
1443 2475 1597 2509 Similiter
1620 2475 1764 2520 synodus
1782 2475 1894 2519 Ancy-

401 2525 556 2571 γήμηται
581 2525 645 2563 δύο
668 2526 855 2570 ἀδελφούς.
1182 2541 1258 2562 rana
1283 2540 1310 2562 c.
1337 2538 1372 2570 15
1400 2527 1485 2572 (16).

446 2582 522 2616 XVI
546 2579 631 2625 (ις’).
659 2582 796 2616 Basilius
821 2594 847 2617 c.
872 2582 930 2625 67:
956 2580 1116 2625 Ἀδελφο-
1225 2583 1317 2617 XXII
1329 2580 1431 2627 (κβ).
1449 2582 1586 2616 Basilius
1601 2593 1629 2616 c.
1643 2582 1685 2617 66
1701 2582 1893 2617 violatorem

398 2637 501 2677 μιξία
523 2634 587 2670 τὸν
607 2640 673 2671 τοῦ
689 2637 827 2679 φονέως
842 2634 975 2681 χρόνον
989 2637 1116 2679 ἐξομο-
1182 2637 1430 2681 sepulchrorum
1453 2638 1545 2671 annis
1562 2638 1602 2679 X,
1626 2648 1654 2671 c.
1671 2637 1714 2678 64
1730 2638 1893 2681 periurum

400 2687 605 2733 λογὴσεται.
1182 2692 1275 2725 annis
1299 2692 1329 2725 X
1352 2691 1478 2725 multat.

446 2744 540 2778 XVII
558 2743 645 2788 (ιζ’).
670 2746 721 2778 De
744 2746 808 2779 hoc
833 2751 969 2789 peccato
985 2756 1117 2778 accura-
1226 2745 1337 2779 XXIII
1353 2742 1453 2789 (κγ’).
1478 2745 1612 2778 Basilius
1637 2756 1665 2778 c.
1681 2746 1722 2779 82
1747 2746 1893 2789 periuros

403 2798 467 2830 tius
491 2798 557 2842 agit
581 2798 718 2832 Basilius
742 2810 769 2832 c.
795 2809 845 2842 75.
1181 2799 1254 2833 illos
1279 2800 1496 2843 paenitentiae
1519 2810 1679 2833 annorum
1698 2799 1744 2832 VI
1768 2799 1892 2833 subicit.

979 2911 1033 2915 .-
1050 2895 1263 2931 ἠῶ,-
1284 2911 1316 2915 .-
1334 2911 1343 2916 .

1917 1066 1958 1096 10

1918 1391 1958 1421 15

1915 2039 1957 2069 25
