2457 3436
655 367 923 397 Apos'rotomffl
952 368 1016 402 vn,
1043 370 1097 407 22,
1119 370 1215 401 2—6.
1598 359 1676 398 407

452 463 620 513 ituimus,
661 470 700 505 et
734 478 837 505 nunc
871 478 966 505 vero
1004 463 1182 514 dicimus,
1223 463 1329 519 quod
1366 465 1418 505 ita
1459 463 1677 519 baptizabis,

453 541 512 568 ius
545 528 712 569 iniunxit
746 528 860 569 nobis
889 529 1041 570 dicens:
1078 529 1216 569 Eunus
1243 529 1363 569 docete
1391 543 1515 570 omnes
1538 537 1677 583 gentes,

452 606 507 633 eos
540 594 581 633 in
609 594 754 634 nomine
774 595 899 648 patris
926 602 960 634 et
992 593 1068 645 filii
1099 601 1133 634 et
1168 595 1320 648 spiritus
1346 596 1479 643 sancti,
1515 595 1679 636 docentes

453 658 573 706 πιηία,
601 671 838 713 quaecunque
856 658 1040 699 mandavi
1064 658 1179 706 vobis,
1209 659 1247 699 in
1269 660 1432 699 nornine
1455 660 1585 713 patris,
1613 660 1677 713 qui

452 723 486 772 ti,
515 723 583 777 qui
601 724 721 772 venit,
749 724 905 776 spiritus
929 724 1065 773 sancti,
1093 725 1159 778 qui
1178 724 1449 765 testimonium
1471 723 1676 777 perhibuit.

455 795 563 829 utem
602 788 706 841 prius
744 787 835 829 oleo
873 795 1028 839 sancto;
1069 787 1211 830 deinde
1250 787 1454 842 baptizabis
1492 802 1602 843 aqua,
1640 796 1679 830 et

455 851 535 893 abis
554 860 773 905 unguento,
800 860 843 894 ut
862 852 994 894 oleum
1014 852 1170 908 quidem
1192 854 1242 894 sit
1261 854 1503 908 participatio
1522 854 1678 907 spiritus

453 951 455 956 ,
483 931 579 959 vero
614 917 836 971 symbolum
875 918 1026 967 mortis,
1062 926 1305 971 unguentum
1342 926 1471 960 autem
1509 918 1675 972 sigillum

479 994 514 1034 3.
543 981 702 1032 Quodsi
731 996 859 1037 neque
879 982 1010 1023 oleum
1038 982 1139 1024 adsit
1167 997 1294 1037 neque
1314 991 1575 1036 unguentum,
1602 982 1678 1024 suf-

452 1054 478 1088 :t
514 1046 562 1088 ad
600 1048 827 1088 unctionem
865 1055 903 1089 et
939 1047 986 1089 ad
1023 1047 1190 1101 sigillum
1230 1055 1269 1089 et
1302 1047 1350 1089 ad
1386 1046 1676 1090 confessionem

452 1125 500 1153 eu
534 1113 846 1153 commorientis.
903 1126 940 1165 4.
978 1114 1080 1153 Ante
1116 1112 1349 1167 baptismum
1387 1126 1482 1154 vero
1520 1114 1677 1163 ieiunet,

452 1190 512 1227 ur;
547 1178 692 1218 etenim
722 1177 919 1218 Dominus
955 1178 1124 1232 primum
1158 1191 1179 1218 a
1208 1177 1356 1218 Ioanne
1391 1177 1602 1232 baptizatus
1639 1186 1677 1220 et

452 1249 685 1291 mmoratus,
715 1249 851 1296 postea
879 1243 1060 1282 ieiunavit
1087 1242 1341 1297 quadraginta
1370 1242 1497 1283 diebus
1524 1251 1557 1284 et
1582 1257 1676 1298 qua·

453 1305 573 1347 nibus.
624 1319 660 1359 5.
689 1306 906 1361 Baptizatus
926 1314 1054 1348 autem
1076 1306 1146 1348 fuit
1175 1315 1213 1348 et
1242 1308 1439 1357 ieiunavit,
1469 1321 1551 1348 non
1571 1308 1677 1363 quod

452 1371 593 1413 :aberet
626 1371 824 1413 ablutione
857 1371 1034 1413 sordium
1063 1371 1123 1413 vel
1160 1372 1307 1413 ieiunio
1336 1371 1398 1413 vel
1433 1374 1677 1426 purgatione,

453 1450 544 1477 urus
565 1444 604 1478 et
622 1444 778 1478 sanctus
798 1444 869 1488 est,
896 1436 965 1478 sed
986 1444 1027 1478 ut
1048 1437 1183 1478 Ioanni
1205 1438 1407 1479 veritatem
1437 1445 1680 1479 attestaretur

457 1501 679 1555 exemplum
700 1501 912 1556 praeberet.
957 1503 993 1542 6.
1014 1502 1135 1556 Igitur
1148 1503 1345 1543 Dominus
1366 1516 1449 1543 non
1468 1501 1679 1556 baptizatus

452 1581 571 1607 onem
601 1581 710 1608 suam
739 1574 804 1608 aut
834 1576 1003 1608 mortem
1033 1574 1098 1608 aut
1126 1567 1470 1616 resurrectionem,
1500 1566 1677 1608 nondum

452 1647 458 1671 ι
479 1630 677 1685 quidpiam
697 1631 901 1682 acciderat,
930 1631 1000 1673 sed
1024 1633 1063 1672 in
1086 1631 1200 1672 aliam
1220 1631 1523 1673 ordinationem.
1571 1632 1678 1682 Qua·

453 1702 647 1750 potestate
678 1697 822 1738 ieiunat
851 1704 942 1751 post
971 1696 1202 1750 baptismum
1235 1704 1275 1738 ut
1296 1696 1480 1737 dominus
1498 1696 1677 1747 Ioannis;

453 1775 465 1801 ι
504 1768 658 1802 mortem
695 1760 800 1802 illius
832 1769 900 1816 per
936 1761 1158 1817 baptismum
1200 1762 1384 1811 initiatur,
1423 1760 1537 1803 debet
1574 1762 1678 1816 prius

453 1832 540 1867 tum
570 1825 764 1880 baptizari,
793 1827 980 1881 quoniam
999 1820 1166 1881 aequum
1196 1840 1280 1867 non
1305 1834 1375 1876 est,
1405 1834 1460 1876 ut,
1490 1827 1554 1881 qui
1585 1840 1678 1867 con-

453 1907 456 1930 :
492 1898 532 1932 et
565 1891 821 1942 consurrexit,
861 1891 931 1933 sub
968 1893 1089 1946 ipsam
1132 1893 1457 1933 resurrectionem
1497 1899 1677 1933 maereat.

452 1969 565 1996 nomo
585 1956 877 1997 constitutionis
905 1956 953 1998 ad
972 1956 1202 1998 salvatorem
1235 1957 1464 2010 pertinentis
1494 1956 1679 1998 dominus

454 2020 614 2075 quidem
646 2020 825 2062 Christus
861 2021 1045 2063 dominus
1081 2029 1151 2070 est,
1188 2021 1311 2062 honio
1342 2035 1436 2062 vero
1471 2020 1677 2063 subiectus.

452 2103 561 2148 ἁγίου
584 2111 628 2145 >
652 2107 715 2140 eh
737 2109 740 2147 i
763 2112 803 2141 10
826 2102 846 2150 ᾖ
867 2119 874 2140 :
892 2102 934 2150 ἦν
955 2107 986 2147 d,
1010 2112 1091 2151 >p
1112 2110 1116 2148 Ι
1139 2110 1178 2141 13
1203 2104 1272 2149 γὰρ
1291 2111 1326 2147 -l-
1346 2109 1406 2141 καὶ
1430 2107 1450 2140 b
1474 2117 1492 2140 e
1512 2108 1518 2148 Ι
1537 2110 1681 2149 πρῶτον

452 2165 467 2195 ι
489 2164 599 2203 fiant.
623 2156 693 2195 ὑπὸ
716 2159 746 2195 Ἰ.
769 2164 913 2203 πρῶτον
935 2162 956 2194 d
979 2173 1007 2201 e,
1031 2158 1100 2197 ὑπὸ
1118 2159 1146 2195 ’1.
1161 2164 1305 2202 πρῶτον
1326 2164 1433 2203 fiant.
1452 2172 1472 2205 p
1489 2173 1508 2193 v
1528 2162 1532 2203 Ι
1556 2165 1596 2195 14
1619 2164 1678 2194 καὶ

460 2227 516 2249 ιτα
540 2220 584 2253 >
608 2215 631 2247 h
662 2216 668 2255 Ι
701 2219 740 2250 15
763 2213 1032 2258 τεσσαράκοντα
1064 2228 1071 2248 :
1099 2229 1124 2257 μ
1156 2226 1173 2248 a
1203 2215 1258 2256 d'l
1291 2212 1424 2258 ἡμέρας
1451 2227 1596 2257 τεσσαρ.
1625 2216 1647 2247 h
1674 2216 1677 2236 ¹

452 2268 464 2301 i
483 2271 489 2310 Ι
513 2272 553 2303 18
576 2265 660 2310 ὑμῖν
682 2270 702 2301 b
726 2269 747 2301 h
769 2271 772 2308 Ι
794 2273 833 2303 19
859 2267 985 2303 ἑαυτὸν
1003 2281 1021 2302 e
1042 2271 1046 2311 Ι
1066 2273 1105 2303 21
1130 2267 1222 2311 μετὰ
1240 2273 1284 2308 >
1304 2270 1324 2301 h
1347 2270 1351 2309 Ι
1370 2273 1411 2303 23
1432 2271 1678 2312 βαπτισθῆναι

470 2335 478 2356 :
502 2320 581 2356 κατ’
605 2323 625 2355 d
648 2333 667 2355 e
687 2327 692 2361 Ι
712 2326 754 2357 25
777 2326 840 2357 τοῦ
864 2326 1026 2365 σωτῆρος
1050 2336 1056 2356 :
1079 2320 1161 2364 παρ’
1186 2320 1295 2357 αὐτοῦ
1319 2323 1340 2355 h

456 2399 488 2443 ιι]
520 2409 563 2431 sc.
599 2380 825 2438 luffa-18.
862 2381 900 2423 4
970 2382 1054 2439 -34'
1087 2410 1117 2443 p.
1148 2399 1227 2441 988;
1262 2381 1479 2431 Tert'unianus
1511 2397 1561 2430 De
1594 2380 1679 2441 bapt:

452 2465 550 2491 ιντος
565 2453 654 2495 κτλ]
672 2452 723 2485 Cf.
736 2453 788 2493 111,
805 2462 853 2495 17,
868 2462 902 2490 2:
969 2464 996 2486 c.
1014 2462 1070 2493 203
1095 2451 1321 2486 Ps.-Clemens
1345 2453 1442 2485 Hom.
1466 2452 1520 2490 111,
1542 2461 1599 2493 733
1624 2452 1680 2492 XI,

452 2513 521 2540 istr.
548 2517 666 2549 evang.
692 2506 745 2547 VI,
771 2516 821 2539 22.
972 2517 1026 2550 35;
1060 2507 1146 2545 xm,
1177 2517 1298 2548 9--11;
1333 2506 1505 2550 Recognit.
1538 2505 1592 2544 111.
1622 2504 1680 2548 67;

452 2560 595 2602 5‚2—3;
621 2569 669 2602 17,
692 2569 718 2593 ι.
757 2560 903 2593 Didache
969 2561 1024 2601 Vl,
1052 2571 1105 2602 153
1130 2560 1199 2599 Vll,
1226 2569 1360 2603 34-‘35-
1408 2560 1553 2592 Didache
1582 2560 1680 2593 etiam

452 2624 513 2648 nec
542 2613 585 2646 de
614 2613 788 2647 chrismate
817 2614 903 2654 dicit,
969 2615 1141 2659 baptizanti
1171 2614 1325 2652 ieiunium
1359 2613 1556 2657 praescribit,
1585 2620 1681 2658 atque

453 2669 557 2708 olum,
588 2669 620 2700 in
643 2678 706 2711 qua
729 2668 904 2711 tingendus
970 2670 1103 2713 insuper
1141 2668 1253 2701 fideles
1294 2670 1457 2711 baptismo
1492 2669 1680 2701 assistentes

453 2733 479 2756 s.
970 2724 1112 2756 ieiunare
1137 2722 1213 2756 vult.
1253 2722 1408 2755 Similiter
1425 2722 1565 2755 Iustinus
1583 2723 1680 2766 Apol.

455 2788 506 2810 τω
524 2772 685 2819 ὁβαπτ.]
709 2776 903 2819 Baptizando
969 2777 993 2817 1,
1031 2776 1069 2810 61
1112 2782 1144 2808 et
1184 2776 1411 2810 Ps.-Clemens
1451 2776 1680 2820 Recognition.

453 2842 511 2865 sse
532 2836 695 2864 testantur
710 2831 806 2864 etiam
825 2830 902 2864 Cle·
970 2832 1039 2870 VII,
1059 2840 1107 2872 37.

452 2886 508 2930 pit.
534 2895 573 2918 ex
599 2884 779 2919 Theodoto
802 2886 838 2928 §S
861 2887 899 2927 83
1015 2895 1042 2927 5.
1067 2883 1118 2917 Cf.
1144 2884 1282 2928 Ps.-1gn.
1307 2885 1389 2928 Eph.
1417 2885 1463 2925 18,
1490 2893 1517 2917 2.

1703 1055 1743 1085 10

1702 1701 1744 1731 20

1703 2025 1744 2055 25
