2457 3436
917 365 1234 395 consu-runcum
1260 365 1540 396 nos-romanu.
1798 355 1977 397 XXXIX

491 456 669 514 Reliquos
688 467 821 502 autem
842 460 946 502 duos
965 460 1097 511 libros,
1122 475 1224 516 quos
1244 462 1359 503 etiam
1381 462 1422 503 in
1442 462 1620 504 manibus
1640 462 1783 514 babuit,
1814 463 1977 506 editioni

501 524 674 576 parandae
703 526 935 580 paucissima
962 525 1024 567 vel
1052 539 1176 580 paene
1214 526 1310 568 nihil
1338 526 1595 569 contribuisse
1631 526 1758 569 editor
1791 529 1873 583 ipse
1910 528 1976 571 de-

512 587 619 631 elatat.
672 590 917 645 Ceteroquin
946 605 1075 647 neque
1103 590 1141 632 hi
1171 590 1286 647 plane
1313 591 1466 635 desunt.

423 665 427 708 ζ
603 655 699 697 Alter
712 654 840 697 codex
852 656 937 697 sine
950 654 1070 697 dubio
1078 656 1290 698 Vaticanus
1302 658 1408 699 2088
1421 657 1491 712 (=
1503 657 1549 711 b)
1558 666 1630 708 est,
1643 658 1681 699 in
1695 672 1774 714 quo
1787 658 1974 700 lectiones

524 720 698 773 singulares
730 720 812 762 fere
842 734 984 762 omnes
1012 721 1206 774 leguntur,
1241 735 1336 776 quas
1364 721 1579 764 Turrianus
1608 724 1645 764 in
1676 722 1975 777 Prolegomenis

423 766 433 845 i
529 782 579 826 iol.
598 791 647 838 17'
665 786 865 841 exscripsit
893 785 1040 828 scilicet
1065 786 1226 839 πρέπον
1250 786 1313 828 vel
1338 787 1467 841 potius
1486 789 1659 841 ,πρέπων
1677 802 1750 842 pro
1768 787 1976 841 Ζντρόϊτον

423 853 433 945 ξ
531 847 567 899 ΙΙ,
589 862 635 904 5⁴7,
664 863 720 904 13,
747 849 1064 904 ἐπιμελούμενος
1093 864 1166 906 pro
1193 851 1537 905 ἐπιστρεφόμενος
1564 852 1612 904 11,
1642 854 1707 903 60,
1742 866 1775 903 1,
1807 857 1975 902 πυκνῶς

534 916 715 967 συντρέχειν
741 929 816 970 pro
842 915 1066 967 πυκνάςειν
1093 915 1141 966 Π,
1172 917 1237 966 6ο,
1265 930 1304 969 4,
1332 920 1556 967 βακτίσατε
1583 931 1655 971 pro
1682 917 1863 971 μυήσατε
1888 918 1974 970 v11,

423 946 434 1091 Ι
536 989 583 1030 25,
597 992 622 1032 7.
659 980 806 1031 Quinta
834 979 981 1022 codicis
1009 980 1141 1030 lectio,
1170 981 1279 1022 cuius
1306 982 1551 1023 mentionem
1573 981 1676 1033 fecit,
1705 996 1758 1024 sc.
1779 982 1975 1034 ἐπαρθεὶς

535 1046 583 1083 καὶ
602 1048 787 1096 τυφωθεὶς
815 1059 888 1100 pro
916 1048 1167 1097 κεπφωθείς,
1195 1045 1302 1101 quod
1330 1045 1492 1087 verbum
1522 1046 1551 1097 1,
1573 1060 1610 1100 7,
1631 1061 1654 1101 7
1673 1046 1826 1101 legitur,
1856 1048 1975 1090 hodie

423 1096 429 1199 Ι
535 1108 647 1161 quidem
670 1123 752 1151 non
782 1117 953 1164 apparet.
998 1110 1122 1152 Deest
1149 1118 1279 1153 autem
1308 1110 1426 1153 lectio
1455 1112 1495 1152 in
1517 1111 1709 1153 Vaticano
1737 1113 1842 1154 2088
1871 1112 1974 1154 haud

534 1172 625 1224 dubie,
646 1175 729 1230 quia
756 1174 854 1216 liber
873 1182 1053 1230 tempore
1074 1174 1351 1230 progrediente
1371 1175 1529 1217 mutilus
1549 1175 1664 1219 fiebat
1682 1191 1727 1218 ac
1746 1179 1971 1232 praesertim

423 1203 432 1329 ι
531 1235 599 1279 folia
623 1240 764 1294 priora,
800 1254 898 1294 quae
941 1254 1027 1282 eam
1072 1240 1339 1292 continebant,
1380 1239 1701 1295 deperdebantur.
1758 1241 1974 1284 Turrianus

531 1300 630 1345 saltem
653 1319 694 1347 se
723 1304 904 1347 codicem
935 1306 1130 1359 integrum
1160 1305 1337 1347 habuisse
1366 1307 1458 1348 satis
1477 1305 1576 1348 clare
1597 1308 1745 1357 annuit,
1774 1320 1824 1348 ne
1852 1306 1973 1348 verbo

528 1366 647 1420 quidem
662 1369 802 1411 librum
817 1384 961 1424 magna
974 1378 1081 1424 parte
1102 1384 1232 1412 carere
1251 1369 1403 1422 dicens;
1424 1378 1463 1413 et
1480 1370 1690 1413 lectionem
1711 1371 1759 1413 ad
1775 1372 1878 1422 VIII,
1896 1384 1932 1425 3,
1953 1385 1968 1413 1

524 1436 651 1489 margini
669 1434 903 1490 adscriptam
923 1435 969 1477 ἐν
987 1434 1138 1485 ἄλλοις,
1168 1448 1250 1477 non
1270 1435 1315 1477 ἐν
1334 1433 1447 1489 ἄλλῳ
1467 1436 1609 1487 solum,
1638 1436 1807 1478 exhiberi
1832 1444 1972 1479 notans

518 1499 630 1552 prodit,
668 1514 809 1542 omnes
844 1514 938 1542 suos
973 1499 1129 1542 codices
1164 1502 1280 1542 etiam
1314 1500 1417 1542 illam
1455 1508 1605 1556 partem
1638 1501 1840 1557 amplexos
1874 1516 1972 1544 esse.

513 1562 579 1606 Nec
606 1579 698 1608 vero
733 1565 925 1607 lectiones
963 1566 1002 1607 in
1038 1565 1337 1619 prolegomenis
1373 1574 1707 1608 commemoratae
1743 1573 1895 1608 tantum
1934 1567 1974 1607 in

507 1628 677 1672 Vaticano
707 1638 847 1672 nostro
868 1631 1131 1682 inveniuntur,
1159 1630 1229 1672 sed
1259 1631 1374 1673 etiam
1405 1645 1486 1681 eae,
1516 1645 1614 1685 quae
1642 1632 1808 1684 margini
1834 1631 1974 1673 adscri-

497 1694 641 1747 buntur,
669 1704 709 1738 et
730 1694 904 1750 quidem,
924 1694 1030 1750 quod
1050 1704 1109 1738 est
1128 1697 1286 1737 maximi
1307 1697 1515 1747 momenti,
1545 1710 1626 1746 eae,
1656 1710 1753 1752 quae
1772 1697 1818 1737 ἐν
1836 1695 1974 1744 ἄλλοις

490 1774 555 1801 seu
582 1762 620 1801 in
651 1759 806 1802 duobus
826 1759 981 1815 reliquis
1000 1759 1105 1802 libris
1125 1768 1274 1802 exstare
1294 1760 1486 1812 dicuntur,
1516 1775 1671 1812 omnes,
1701 1775 1846 1812 earum,
1875 1776 1974 1817 quae

483 1824 532 1867 ad
560 1839 682 1867 unum
711 1825 852 1867 librum
882 1825 1112 1876 referuntur,
1141 1827 1267 1867 maior
1295 1840 1388 1867 sane
1413 1840 1513 1881 pars,
1544 1840 1687 1881 eaeque
1709 1826 1972 1876 notabiliores,

482 1904 542 1931 ex.
569 1904 630 1944 gr.
659 1890 707 1941 11,
742 1902 803 1943 13,
831 1902 851 1943 5
882 1889 983 1938 θεός
1010 1903 1083 1945 pro
1111 1894 1213 1943 θεῷ,
1244 1890 1291 1941 11,
1313 1903 1377 1941 20,
1399 1904 1422 1944 7
1451 1889 1535 1932 ὑπὸ
1564 1890 1718 1941 ἀνοίας,
1748 1891 1854 1946 quod
1883 1893 1924 1932 in
1951 1906 1973 1933 a
2036 1887 2043 1892 “

479 1962 519 1996 et
548 1954 587 1996 T
618 1955 693 2010 (=
721 1962 829 1996 textu
857 1954 1061 2009 Turriani)
1091 1955 1213 2006 deest,
1242 1956 1289 2005 11,
1312 1968 1376 2009 57,
1402 1968 1448 1997 12
1477 1956 1529 1997 τὰ
1556 1957 1681 1997 τέκνα
1708 1955 1871 2008 ἔχουσαι
1899 1970 1971 2010 pro

476 2026 779 2073 τεκναρχοῦσαι
806 2035 827 2061 a
856 2020 906 2071 T,
944 2021 994 2071 V,
1027 2033 1089 2071 10,
1124 2034 1137 2061 1
1177 2019 1306 2073 ὁρμὰς
1340 2035 1412 2075 pro
1449 2018 1584 2074 ὀργάς,
1622 2021 1688 2072 VI,
1720 2033 1756 2074 5,
1787 2023 1810 2062 6
1845 2025 1972 2075 βραχῆ

477 2085 656 2141 (βραχὺ)
677 2084 891 2127 ἆντέκειτο
909 2099 981 2140 pro
1002 2082 1225 2135 ἀντέκειτο,
1247 2086 1315 2137 VI,
1332 2087 1370 2136 8,
1391 2099 1406 2127 1
1427 2085 1708 2138 Στρατόνικος
1727 2100 1799 2141 pro
1815 2090 1972 2139 Σατορ-

475 2155 606 2202 ντλος,
638 2151 707 2201 Vl,
742 2164 803 2204 14,
832 2165 859 2204 4
885 2155 1021 2205 λῆμμα
1050 2164 1121 2206 pro
1149 2150 1393 2203 ὑπόλειμμα,
1425 2151 1493 2201 VI,
1528 2153 1587 2201 16,
1617 2166 1643 2204 4
1669 2156 1876 2205 μαθητῶν
1904 2155 1971 2192 καὶ

474 2216 584 2257 υἱῶν
616 2218 690 2262 καὶ
715 2216 988 2269 κληρονόμων
1022 2229 1094 2271 pro
1127 2220 1345 2269 μαθητῶν,
1382 2216 1450 2266 VI,
1480 2228 1545 2270 27,
1575 2229 1598 2257 2
1628 2218 1696 2257 καὶ
1724 2213 1975 2268 εὐχαριστίας

476 2284 543 2322 καὶ
573 2295 649 2335 pro
678 2282 760 2330 καί,
790 2274 877 2331 Vll,
902 2281 963 2331 18,
993 2293 1016 2322 2
1045 2278 1305 2334 ἀντικοιηταὶ
1334 2294 1406 2335 pro
1435 2284 1612 2334 ποιηταί.
1661 2280 1837 2330 Accedit,
1866 2280 1973 2335 quod

476 2345 593 2388 verba
622 2344 732 2387 διότι
758 2345 862 2398 μετὰ
886 2347 1064 2394 πίστεως
1092 2347 1160 2387 καὶ
1189 2344 1322 2398 φόβου
1351 2350 1457 2387 θεοῦ
1486 2345 1565 2387 οὐκ
1583 2344 1684 2399 ἦλθε
1705 2345 1879 2398 φυλάξαι
1897 2345 1975 2398 τὴν

474 2412 734 2465 ἐπαγγελίαν,
765 2424 863 2466 quae
883 2410 1099 2453 Turrianus
1127 2411 1193 2462 ΙΙΙ,
1220 2424 1251 2461 1,
1274 2423 1297 2452 2
1318 2410 1422 2453 addit
1451 2410 1546 2452 nihil
1575 2410 1624 2452 de
1653 2424 1791 2451 eorum
1822 2410 1974 2463 origine

476 2476 626 2527 dicens,
655 2476 725 2518 illo
755 2475 847 2517 loco
876 2476 1034 2517 nonnisi
1064 2476 1101 2517 in
1132 2476 1269 2518 codice
1288 2476 1311 2517 b
1332 2476 1525 2528 leguntur.
1572 2474 1796 2517 Nonnullae
1815 2473 1973 2529 quidem

476 2542 695 2583 lectionum
729 2541 844 2582 unius
872 2541 1019 2583 codicis
1047 2542 1086 2582 in
1108 2541 1205 2582 libro
1227 2548 1364 2582 nostro
1386 2555 1467 2581 non
1490 2541 1751 2581 inveniuntur.
1800 2539 1852 2580 At
1882 2552 1975 2579 con·

476 2605 730 2649 siderandum
763 2613 835 2656 est,
864 2620 928 2648 eas
956 2621 1038 2648 non
1069 2606 1194 2648 modo
1221 2605 1270 2647 ad
1298 2605 1475 2655 alterum,
1505 2605 1573 2646 sed
1604 2606 1720 2646 etiam
1749 2602 1797 2644 ad
1815 2604 1972 2644 tertium

477 2671 664 2713 Turriani
695 2670 876 2712 codicem
905 2670 1038 2713 referri
1058 2685 1198 2726 ·posse,
1228 2678 1267 2712 et
1296 2685 1343 2712 ex
1371 2670 1612 2723 argumentis
1640 2669 1760 2710 allatis
1790 2669 1865 2708 iam
1896 2681 1976 2709 cer-

476 2737 628 2778 tissime
663 2743 836 2791 apparet,
872 2736 1009 2778 librum
1045 2736 1229 2777 Turriani
1265 2735 1427 2777 alterum
1465 2749 1548 2776 esse
1585 2735 1816 2775 Vaticanum
1857 2732 1974 2774 2088.

477 2801 581 2843 Cum
627 2801 759 2843 editor
799 2800 896 2843 libro
935 2801 1134 2857 principali
1164 2801 1360 2854 descripto
1400 2799 1448 2841 de
1488 2798 1643 2853 reliquis
1676 2811 1802 2852 vpauca
1843 2796 1976 2838 dicens

477 2875 660 2909 nostrum
690 2867 867 2921 priorem
895 2866 1076 2922 appellet,
1105 2866 1233 2909 codex
1253 2865 1357 2907 idem
1379 2879 1464 2906 esse
1485 2864 1635 2906 videtur
1655 2876 1745 2905 cum
1767 2876 1829 2912 eo,
1858 2875 1974 2917 quem
