2457 3436
1886 369 1909 381 ,-

898 376 1054 407 DIDASCA
1060 378 1119 406 Lu
1149 379 1171 407 Δ
1176 377 1428 407 POSTOLORUM.
1891 382 1902 405 4

409 473 500 515 ἀπὸ
529 473 738 527 δεκάτης
767 471 917 527 ἡμέρας
946 473 1117 527 σελήνης
1144 471 1337 525 ἀριθμόν,
1375 469 1464 526 ἥτις
1491 473 1576 515 ἐστὶ
1604 474 1805 528 σύλληψις
1833 477 1909 514 τοῦ

408 538 629 591 προβάτου
657 540 722 580 καὶ
750 534 980 592 ἂκροστιχὶς
1007 542 1084 580 τοῦ
1110 534 1355 591 ὀνόματος
1383 542 1471 579 τοῦ
1493 537 1654 592 Ἰησοῦ,
1683 538 1820 593 ἐπειδὴ
1848 544 1909 590 τῷ

411 600 585 656 ὀνόματι
620 602 752 645 αὐτοῦ
786 602 837 645 τὸ
868 601 1095 645 ἀντίτυπον
1129 599 1258 644 αὐτοῦ
1285 602 1499 656 πρόβατον
1526 603 1789 656 ἐλαμβάνετο,
1826 600 1909 645 ἀπὸ

413 668 587 722 δεκάτης
601 664 737 718 οὕτως
752 665 992 722 ὁριζόμενον
1001 681 1009 691 ·
1032 664 1170 710 οὐκέτι
1184 668 1228 710 δὲ
1242 668 1554 722 ἐπιφωσκούσης
1567 667 1871 722 ἑκκαιδεκάτης.»
1881 701 1906 708 ..

524 741 621 773 2—4.
644 732 704 766 His
725 732 871 766 versibus
894 732 1071 777 respondet
1093 732 1277 766 Didascalia
1299 732 1340 773 V,
1367 742 1417 775 17,
1435 743 1462 766 1.
1500 732 1622 766 Sensus
1646 734 1794 777 utrinque
1818 732 1906 765 idem

415 794 463 820 est
471 799 480 828 ;
504 786 609 820 modo
632 786 817 820 Didascalia
838 786 881 819 de
904 785 1054 820 fratribus
1078 797 1096 820 e
1119 786 1243 830 populo
1260 786 1444 820 —Iudaeis
1468 786 1619 831 loquitur,
1643 787 1843 831 Epiphanius
1867 787 1907 820 de

419 840 565 874 fratribus
590 850 607 874 e
631 841 878 874 circumcisione
906 854 941 869 =
968 840 1169 881 Christianis,
1201 851 1240 874 ex
1264 840 1428 882 industria,
1460 847 1494 874 ut
1518 841 1654 880 videtur,
1683 841 1727 874 illi
1751 840 1908 874 locutioni

417 894 498 928 hanc
521 895 733 935 substituens,
763 905 825 938 qua
853 905 946 927 suam
975 894 1040 928 loci
1069 895 1371 938 interpretationem
1395 894 1576 929 confirmet.
1623 895 1709 929 Cum
1732 894 1908 929 Christiani

419 949 563 993 utrinque
592 948 749 992 pascham
779 948 898 982 eodem
926 955 1076 992 tempore
1108 948 1199 982 obire
1229 949 1398 982 iubeantur
1427 959 1492 993 quo
1521 949 1583 990 alii,
1624 959 1682 982 seu
1710 948 1821 982 Iudaei
1849 958 1907 982 seu

419 1002 742 1043 Iudaeo-Christiani,
775 1003 954 1047 scripturae
983 1003 1100 1036 ambae
1128 1008 1283 1044 annuunt,
1321 1002 1513 1036 Christianis
1547 1009 1735 1047 temporum
1764 1004 1907 1036 rationes

418 1067 481 1090 non
505 1067 581 1090 esse
608 1056 846 1090 subducendas.
890 1056 1089 1101 Epiphanius
1112 1056 1165 1090 vel
1188 1057 1345 1101 scriptura
1373 1057 1413 1090 ab
1437 1067 1478 1090 eo
1506 1057 1590 1091 lecta
1618 1057 1777 1101 apostolis
1809 1057 1907 1090 etiam

417 1112 511 1144 verba
532 1108 584 1153 μὴ
610 1112 787 1154 ψηφίζητε
815 1111 957 1144 attribuit
980 1110 1131 1155 additque
1154 1122 1184 1145 v,
1207 1119 1243 1151 4:
1272 1106 1342 1144 κᾶν
1363 1123 1402 1145 τε
1425 1114 1652 1154 nim-nsum,
1684 1111 1796 1155 μηδὲν
1823 1106 1908 1153 ὑμῖν

416 1164 566 1208 μελέτω,
581 1175 657 1198 cum
673 1164 855 1198 Didascalia
872 1171 983 1198 nostra
1000 1175 1038 1198 ea
1054 1175 1121 1198 non
1137 1164 1265 1198 habeat.
1300 1164 1492 1198 Differentia
1511 1165 1594 1198 haud
1611 1166 1724 1209 magni
1739 1165 1904 1198 momenti

417 1225 474 1252 est.
520 1219 581 1252 Vis
604 1219 669 1252 loci
684 1220 791 1252 verbis
807 1224 862 1252 aut
878 1218 994 1262 positis
1010 1224 1064 1252 aut
1082 1219 1214 1252 omissis
1231 1218 1347 1252 eadem
1365 1224 1430 1260 est;
1454 1219 1556 1252 modo
1572 1225 1783 1263 praeceptum
1799 1219 1906 1263 magis

416 1279 468 1306 aut
491 1273 603 1307 minus
628 1283 743 1306 severe
759 1273 947 1309 inculcatur.
986 1272 1078 1311 Quid
1093 1278 1202 1306 autem
1219 1273 1260 1306 de
1277 1273 1460 1306 differentia
1482 1273 1689 1307 sentiendum
1714 1273 1787 1306 est?
1826 1273 1907 1306 Mihi

416 1333 520 1361 textus
543 1327 748 1360 Didascaliae
778 1333 910 1361 nostrae
933 1328 1095 1371 genuinus
1122 1337 1197 1360 esse
1226 1328 1361 1361 videtur.
1407 1327 1507 1372 Syrus
1537 1328 1625 1361 enim
1657 1329 1689 1361 in
1718 1328 1905 1361 universum

414 1382 607 1425 scripturam
636 1380 826 1414 fidelissime
861 1382 966 1422 tradit,
1002 1387 1034 1414 et
1063 1382 1116 1414 hic
1144 1381 1237 1414 locus
1272 1382 1417 1426 inprimis
1449 1392 1653 1427 nequaquam
1684 1383 1905 1426 suspicionem

414 1442 538 1468 movet.
585 1435 612 1468 E
636 1436 809 1476 contrario,
838 1436 937 1469 verba
968 1435 1022 1468 illa
1051 1436 1128 1469 satis
1158 1435 1244 1469 clare
1275 1437 1421 1480 speciem
1453 1436 1734 1479 interpretamenti
1764 1447 1840 1480 prae
1870 1446 1905 1468 se

414 1488 530 1523 ferunt.
575 1488 713 1522 Minime
741 1490 828 1523 enirn
858 1495 908 1522 est
940 1489 1125 1530 verisimile,
1155 1495 1324 1523 auctorem
1353 1495 1420 1523 tam
1449 1491 1566 1523 acriter
1589 1489 1782 1523 Christianis
1811 1500 1903 1534 prae·

412 1543 552 1586 cepisse,
583 1549 617 1576 ut
646 1543 801 1587 pascham
831 1543 1034 1577 celebrantes
1056 1543 1196 1577 ludaeos
1220 1551 1442 1588 sequerentur.
1492 1544 1605 1577 Altera
1629 1555 1667 1577 ex
1694 1550 1784 1588 parte
1807 1544 1906 1577 verba

412 1597 585 1642 Epiphanii
619 1598 726 1630 verbis
754 1598 895 1631 auctoris
925 1597 999 1630 addi
1033 1603 1194 1642 poterant,
1229 1604 1325 1642 atque
1354 1598 1507 1632 conicere
1536 1598 1622 1639 licet,
1656 1598 1823 1631 Audianos
1854 1598 1903 1630 vel

411 1652 495 1686 alios
523 1651 729 1686 Christianos
758 1652 914 1695 pascham
947 1662 1020 1685 cum
1049 1652 1176 1686 ludaeis
1204 1652 1405 1686 celebrantes
1434 1653 1625 1696 scripturam
1656 1652 1713 1686 illo
1741 1652 1843 1686 modo
1873 1653 1905 1684 in

409 1707 478 1739 suis
501 1706 742 1750 exemplaribus
764 1706 993 1750 interpretatos
1010 1716 1083 1739 esse
1100 1711 1131 1739 et
1148 1707 1265 1739 librum
1287 1707 1327 1739 ab
1350 1707 1400 1740 his
1416 1707 1455 1739 ad
1472 1706 1690 1750 Epiphanium
1706 1707 1904 1750 pervenisse.

410 1759 590 1794 Catholico
619 1759 673 1793 vel
695 1760 849 1793 sectatori
872 1760 951 1793 ritus
974 1759 1135 1803 paschalis
1158 1760 1310 1793 catholici
1335 1770 1402 1793 nou
1426 1760 1534 1794 solum
1564 1760 1616 1793 illa
1640 1760 1738 1793 verba
1768 1759 1905 1793 delenda

409 1820 512 1856 erant,
536 1814 595 1847 sed
618 1819 707 1848 totus
728 1813 821 1847 locus
844 1814 1026 1847 mutandus.
1065 1813 1269 1847 Constitutor
1292 1824 1403 1847 revera
1427 1814 1535 1848 locum
1554 1813 1840 1847 accommodatum
1864 1814 1904 1846 ad

408 1868 549 1902 modum
573 1868 715 1912 paschae
739 1867 950 1901 celebrandae
974 1879 991 1901 a
1016 1868 1145 1913 synodo
1168 1868 1313 1902 Nicaena
1337 1868 1503 1902 definitum
1528 1868 1668 1901 exhibet.

522 1932 551 1965 5.
575 1922 683 1955 Verba
705 1920 771 1965 τὴν
792 1918 992 1965 ἀγρυπνίαν
1013 1942 1056 1947 -
1078 1920 1226 1965 ἀζύμων
1247 1922 1322 1956 Did.
1347 1923 1387 1962 V,
1411 1932 1463 1962 20,
1490 1932 1528 1956 10
1551 1922 1712 1966 leguntur.

521 1978 551 2010 8.
577 1976 637 2010 Hic
672 1976 764 2009 locus
797 1986 816 2009 e
849 1977 975 2010 duobus
1006 1976 1209 2010 Didascaliae
1244 1977 1389 2010 versibus
1424 1977 1627 2021 compositus
1661 1987 1734 2010 esse
1769 1976 1905 2009 videtur.

409 2031 572 2064 Particula
596 2024 649 2065 ὅτι
674 2028 713 2065 ἐν
734 2033 778 2074 τῇ
802 2025 917 2076 ἡμέρᾳ
942 2049 980 2055 -
1005 2028 1239 2073 ἐσταύρωσαν
1261 2030 1371 2064 locuni
1394 2032 1520 2064 obtinet
1543 2031 1617 2064 Did.
1643 2031 1682 2069 V.
1709 2039 1758 2072 14,
1776 2039 1827 2069 21,
1852 2030 1905 2063 ubi

409 2085 568 2129 legimus:
594 2084 667 2129 quia
684 2094 723 2118 ea
737 2085 945 2128 (parasceve)
962 2095 1016 2118 me
1033 2085 1255 2118 crucifixerunt
1272 2085 1383 2118 medio
1401 2085 1434 2118 in
1449 2084 1535 2118 festo
1552 2095 1743 2129 azymorum
1760 2095 1903 2118 suorum.

408 2139 572 2173 Particula
595 2139 718 2183 reliqua
740 2139 780 2171 ad
802 2139 877 2172 Did.
902 2138 942 2179 V,
966 2147 1017 2180 20,
1050 2148 1090 2172 ιο
1111 2139 1224 2172 referri
1255 2145 1375 2181 potest,
1407 2145 1438 2172 et
1461 2139 1637 2183 respondet
1661 2134 1748 2173 ὅταν
1771 2138 1903 2173 ἐκεῖνοι

408 2212 452 2219 -
490 2181 664 2228 πενθεῖτῖ
701 2192 792 2226 loco:
832 2203 891 2227 vos
927 2203 1018 2237 ergo,
1059 2204 1133 2227 cum
1173 2193 1310 2238 populus
1351 2193 1406 2227 ille
1436 2194 1591 2237 pascham
1624 2192 1709 2234 facit,
1748 2194 1904 2234 ieiunate;

406 2249 473 2282 καὶ
496 2241 585 2282 ὅταν
606 2243 710 2282 αὐτοὶ
734 2266 772 2270 -
799 2243 1000 2290 εὐωχεῖσθε
1025 2248 1117 2280 loco:
1147 2254 1179 2280 et
1203 2247 1330 2291 vigilias
1354 2254 1477 2281 vestras
1501 2248 1627 2280 studete
1651 2248 1805 2291 perficere
1829 2259 1903 2280 curn

407 2301 539 2346 azymis
560 2311 685 2335 eorum.
723 2301 803 2335 Loci
827 2312 906 2335 sane
929 2312 996 2335 non
1015 2301 1054 2334 ad
1070 2302 1206 2334 verbum
1223 2302 1441 2335 consentiunt.
1479 2302 1542 2334 Vix
1562 2308 1672 2335 autem
1688 2307 1738 2334 est
1761 2301 1903 2339 dubium,

408 2355 631 2400 Epiphanium
648 2355 868 2388 Didascaliam
891 2355 1021 2389 liberius
1045 2356 1240 2395 adhibuisse,
1264 2366 1338 2389 cum
1362 2356 1395 2388 id
1418 2356 1563 2400 inprimis
1587 2361 1709 2399 ageret,
1733 2361 1767 2387 ut
1790 2355 1905 2387 adver-

407 2411 514 2443 sarios
539 2410 748 2454 redargueret
771 2409 811 2442 ad
835 2409 922 2443 illam
946 2410 1137 2453 scripturam
1160 2420 1354 2454 provocans.

519 2473 550 2507 9.
579 2464 713 2496 Dictum
742 2459 763 2497 ὃ
786 2467 911 2498 κακῶν
933 2467 1007 2498 κτλ.
1030 2463 1214 2497 Didascalia
1238 2464 1277 2504 V,
1303 2473 1354 2503 20,
1380 2473 1414 2496 11
1441 2462 1586 2503 exhibet3
1616 2463 1718 2496 niodo
1745 2473 1806 2506 pro
1829 2461 1905 2497 ἐπι·

406 2516 623 2561 καθᾶραι-ὸς
651 2516 726 2552 ἐστι
755 2520 806 2563 τῷ
836 2520 914 2563 θεῷ
942 2518 1040 2551 habet
1070 2516 1194 2560 ἔνοχος
1222 2513 1399 2560 ἁμαρτίας
1427 2516 1534 2551 ἐστίν.
1580 2516 1665 2550 Cum
1689 2523 1799 2550 autem
1823 2518 1903 2550 haec

406 2573 510 2605 verba
533 2572 633 2605 etiam
656 2572 689 2604 in
712 2571 1007 2605 Constitutionibus
1031 2572 1190 2615 legantur,
1214 2577 1357 2616 apparet,
1381 2571 1597 2615 Epiphanium
1623 2571 1731 2604 locum
1749 2577 1903 2610 mutasse,

408 2638 487 2660 cum
510 2626 648 2660 alteram
671 2635 783 2659 versus
807 2631 942 2669 partem,
967 2636 1049 2671 quae
1066 2626 1180 2659 eadem
1205 2632 1254 2659 est
1277 2627 1308 2659 in
1328 2625 1511 2659 Didascalia
1526 2631 1559 2658 et
1576 2625 1660 2670 apud
1676 2625 1903 2669 Epiphanium,

408 2687 456 2715 s'c.
480 2676 501 2714 ὅ
524 2683 653 2723 aare&
671 2699 711 2703 —
728 2683 895 2723 κυριακῇ,
920 2680 1124 2714 Constitutor
1141 2680 1420 2714 transformaverit
1437 2690 1510 2713 eam
1525 2680 1664 2712 reddens
1681 2680 1787 2712 verbis
1805 2675 1824 2712 ὃ
1840 2677 1905 2721 τὴν

406 2732 585 2778 κυριακὴν
608 2722 802 2777 maudoit».

521 2798 572 2823 10.
603 2787 788 2821 Didascalia
813 2788 852 2827 V,
879 2798 917 2831 17
947 2799 1013 2821 non
1042 2789 1128 2828 dicit,
1164 2788 1358 2822 concordiae
1392 2789 1496 2832 gratia
1525 2788 1718 2821 Christianis
1748 2788 1903 2831 pascham

407 2844 530 2877 eodem
566 2848 717 2886 tempore
749 2852 825 2875 cum
854 2842 980 2876 Iudaeis
1015 2842 1242 2876 celebrandam
1276 2852 1359 2876 esse.
1406 2842 1604 2886 Epiphanius
1637 2847 1746 2876 autem
1777 2842 1904 2875 Iudaeis

408 2897 524 2931 fratres
550 2907 569 2930 e
594 2897 841 2930 circumcisione
864 2897 1061 2930 substituens
1083 2896 1161 2930 illud
1185 2896 1277 2930 facile
1301 2908 1319 2930 e
1343 2896 1498 2940 scriptura
1523 2896 1677 2940 colligere
1701 2896 1816 2940 potuit.
