2457 3436
641 351 963 382 constan-rmum
988 353 1258 384 Avosronomm
1288 356 1343 393 111,
1375 359 1425 396 ι4,
1448 360 1565 399 4-15,
1589 363 1620 392 4
1801 354 1878 393 207

453 447 558 500 ῇτό
584 448 865 508 aeffluufflua.
921 462 961 502 4.
996 445 1021 491 ό
1048 448 1129 503 γὰρ
1156 450 1259 500 θεὸς
1286 452 1516 496 ἐνετείλατο
1549 460 1600 508 τῇ
1627 452 1672 498 εὖ
1700 459 1878 513 ,ποιούσῃ

461 516 690 567 τραγῳδεῖν
728 513 808 567 τὴν
840 512 1043 564 εὐποιΐαν,
1084 512 1109 567 ἡ
1147 516 1193 556 δὲ
1231 516 1464 571 ἐμέμφετο,
1482 535 1548 561 οτι
1586 521 1642 574 μὴ
1680 522 1876 576 ἐκήρυξεν

452 584 506 639 ᾖς
532 578 583 621 τὸ
611 576 757 632 ὄνομα,
786 578 855 620 ἵνα
871 581 941 621 καὶ
958 578 1065 632 αὐτὴ
1090 585 1289 632 μαθοῦσα
1305 581 1434 659 δράμῃ
1462 575 1517 632 εἰς
1539 584 1591 627 τὸ
1619 590 1775 638 λαβεῖν·
1803 592 1874 631 καὶ

453 644 581 697 μόνον
597 645 810 697 ἐμέμφετο,
838 643 944 686 α’λλά
965 660 1010 699 γε
1029 647 1098 686 καὶ
1117 650 1327 700 κατηρᾶτο
1346 645 1462 700 αὐτῇ,
1491 649 1771 707 ἐπιλαθομένη
1795 658 1873 695 τοῦ

453 708 625 760 ὁπός’,
627 707 680 760 ,Ὁ
698 708 883 764 εὐλογῶν
910 722 953 751 σε
973 705 1204 764 εὖλόγηται,
1232 713 1299 752 καὶ
1321 709 1345 752 ὁ
1362 712 1656 767 καταρωμενός
1684 729 1729 759 σε
1750 732 1870 760 xenea-
1914 727 1936 759 6

452 779 585 817 παῦ’.
652 787 691 828 5
725 776 831 829 λέγει
862 776 906 817 δὲ
941 772 964 817 ὁ
1000 774 1160 827 κύριος·
1200 774 1344 825 ,‚‘Dtav
1363 778 1614 856 εἰσέρχησθε
1649 781 1705 829 εἰς
1739 780 1870 831 οἶκον,

452 852 527 882 πε·
559 840 700 894 εἰρήνη
733 845 797 893 τῷ
831 841 933 893 οἴκῳ
960 840 1114 893 τούτῳ,
1148 842 1217 882 καὶ
1250 841 1325 883 ἐὰν
1351 837 1378 894 ᾖ
1405 842 1490 884 ἐκεῖ
1514 843 1604 893 υἱὸς
1635 845 1807 900 εἰρήνης,
1843 846 1868 901 ἢ

452 903 516 959 uin]
547 903 666 958 ὑμῶν
700 906 1029 948 ἐπαναπαύσεται
1062 904 1129 948 ἐπ’
1161 905 1310 948 αὐτόν·
1344 906 1420 948 ἐὰν
1453 908 1497 949 δὲ
1529 908 1583 962 μὴ
1619 904 1644 961 ᾖ
1681 907 1806 961 ἄξιος,
1844 909 1868 965 ἦ

452 969 516 1023 q'vq
540 966 657 1023 ὑμῶν
683 970 791 1023 πρὸς
816 967 920 1023 ὑμᾶς
947 970 1220 1023 ἐπιστρέφει“.

485 1034 572 1076 XV.
603 1035 656 1077 Εἰ
673 1029 751 1077 οὖν
777 1033 803 1088 ἡ
821 1036 960 1090 εἰρήνη
979 1036 1045 1077 ἐπὶ
1071 1036 1172 1085 τοὺς
1188 1038 1431 1090 πέμψαντας
1449 1036 1579 1091 αὐτὴν
1604 1034 1663 1079 ἐπ’
1685 1038 1866 1088 ἐκείνους
1893 1049 1933 1079 10

452 1103 499 1141 ῑιν
518 1100 751 1153 ἐπιστρέφει
776 1101 843 1142 ἐπὶ
866 1100 967 1149 τοὺς
983 1102 1295 1154 προηκαμένους
1318 1100 1453 1153 αὐτὴν
1480 1102 1548 1144 διὰ
1572 1101 1622 1143 τὸ
1648 1102 1703 1156 μὴ
1731 1101 1865 1156 εὑρεῖν

452 1179 510 1214 ους
525 1164 670 1219 αὐτῆς,
689 1169 835 1218 πολλῷ
851 1169 1011 1219 μᾶλλον
1029 1164 1055 1219 ἢ
1075 1166 1235 1246 κατάρα
1252 1168 1485 1219 ἐπιστρέφει
1508 1167 1564 1216 εὶς
1581 1167 1764 1221 κεφαλὴν
1786 1174 1866 1210 τοῦ

452 1245 522 1279 uu,-
539 1227 673 1285 αὐτὴν
690 1232 989 1307 ἐκπέμψαντος,
1018 1230 1078 1280 ὥς
1096 1230 1175 1273 οὐκ
1193 1227 1310 1283 ἀξίου
1328 1229 1451 1280 ὄντος
1470 1236 1548 1274 τοῦ
1566 1235 1704 1282 λαβεῖν
1730 1232 1864 1287 αυτὴν

453 1298 540 1345 νου,
569 1295 674 1348 πρὸς
703 1292 832 1348 όνπερ
859 1296 1121 1350 ἐξαπεστάλη.
1170 1309 1207 1338 2.
1235 1301 1316 1346 πᾶς
1342 1296 1420 1351 γὰρ
1449 1294 1473 1339 ὁ
1493 1295 1627 1351 μάτην
1654 1299 1863 1350 λοιδορῶν

452 1359 521 1402 τὸν
548 1356 710 1414 ἀρᾶται,
739 1361 857 1402 καθά
877 1374 1003 1416 φησιν
1030 1359 1054 1403 ὁ
1075 1361 1296 1416 Σολομῶν·
1324 1358 1496 1414 »Ὥσπερ
1515 1359 1638 1414 ὄρνεα
1665 1363 1861 1404 πέτονται
1889 1372 1927 1403 15

469 1429 686 1479 στρουθοί,
723 1422 858 1476 οὕτως
892 1425 971 1479 α’ρὰ
1003 1429 1153 1479 ματαία
1186 1425 1264 1469 ov’x
1298 1426 1553 1470 ἐπελεύσεται
1586 1426 1652 1470 ἐπ’
1683 1426 1860 1478 οὖδενί“,

453 1489 582 1533 πάλιν
605 1492 728 1544 λέγει·
755 1491 837 1542 ,,οἱ
855 1492 899 1533 δὲ
917 1492 1158 1545 ἐκφέροντες
1175 1494 1380 1543 λοιδορίας
1399 1491 1698 1545 α’φρονέστατοί
1720 1492 1861 1534 εἰσιν·’.

452 1554 578 1608 ὅσπερ
603 1557 649 1597 δὲ
676 1553 703 1610 ἡ
725 1559 895 1609 μέλισσα
921 1556 967 1599 ἐν
993 1560 1045 1610 τῇ
1069 1556 1236 1610 δυνάμει
1253 1554 1384 1611 αὐτῆς
1410 1554 1589 1612 ἀσθενὴς
1613 1552 1728 1608 οὖσα,
1757 1557 1862 1599 ἐπὰν

452 1626 500 1674 ξη
526 1621 635 1671 τινά,
663 1621 716 1664 τὸ
734 1623 909 1674 κέντρον
937 1620 1160 1672 ἀποβάλλει
1179 1625 1247 1664 καὶ
1274 1625 1430 1676 γίνεται
1449 1625 1600 1675 στείρα,
1629 1621 1707 1664 τὸν
1732 1619 1862 1664 αὐτὸν

452 1700 530 1728 πον
557 1689 624 1728 καὶ
652 1684 776 1740 ὑμεῖς,
813 1683 837 1729 ὃ
864 1686 937 1728 ἐὰν
963 1686 1158 1742 ποιήσητε
1185 1685 1327 1730 ἄδικον
1355 1688 1412 1737 είς
1441 1686 1615 1740 ἑτέρους,
1646 1692 1776 1730 τοῦτο
1805 1688 1862 1736 εἰς
1884 1698 1926 1730 20

452 1750 543 1801 τοὺς
560 1751 803 1806 ἐνεργὴσετε.
838 1752 1063 1803 ,,Δάκκον“
1083 1752 1160 1806 γὰρ
1178 1749 1363 1805 ,ὤρυξεν
1381 1754 1450 1794 καὶ
1468 1750 1699 1804 ἀνέσκαψεν
1714 1751 1859 1802 αὐτόν,

457 1816 682 1866 ἐμπεσεῖται
702 1817 761 1866 εἰς
776 1817 953 1869 βόθρον,
983 1816 1034 1859 ὃν
1052 1817 1306 1870 εὶργάσατο“,
1326 1822 1393 1859 καὶ
1413 1817 1555 1859 πάλιν·
1587 1814 1650 1866 „‘0
1668 1817 1859 1878 όρύσσιον

452 1895 531 1941 Q
562 1887 626 1933 τῷ
663 1885 843 1936 πλησίον
880 1880 1011 1925 αὐτοῦ
1048 1883 1275 1935 ἐμπεσεῖται
1314 1883 1370 1930 εἰς
1409 1880 1576 1924 αὐτόν’.
1640 1882 1797 1924 οὐκοῦν
1836 1879 1859 1924 ὁ

452 1960 534 2006 Q
564 1947 752 1999 κατάραν
784 1946 928 1999 ἕτερον
959 1948 1013 2008 μη
1046 1949 1316 2001 καταράσθω·
1359 1946 1455 1998 ,‚‘'0“
1489 1948 1564 2002 γὰρ
1603 1956 1757 2001 ,μισεῖς
1795 1950 1859 1989 σοὶ

452 2011 568 2063 ἐσθαι,
597 2009 694 2054 οὐδὲ
723 2013 838 2066 ἄλλῳ
864 2013 1085 2068 ποιήσεις“.
1131 2028 1169 2067 4.
1199 2013 1265 2055 διὸ
1294 2017 1529 2055 νουθετεῖτε
1556 2012 1632 2062 τὰς
1661 2011 1857 2063 α’πειθεῖς,
1880 2022 1922 2053 25

452 2074 540 2136 nffl'
540 2089 629 2119 σετε
673 2087 762 2126 ταῖς
801 2077 1099 2138 α’ναισζύντοις,
1145 2082 1415 2131 παρακαλεῖτε
1455 2077 1531 2127 τὰς
1571 2077 1859 2137 ὀλιχοψύχους,

482 2210 500 2240 5
520 2206 601 2242 Gen.
625 2217 679 2251 27,
704 2217 747 2252 29
774 2207 816 2242 cf.
839 2208 937 2242 Num.
962 2217 1014 2249 24,
1036 2218 1067 2252 9.
1092 2227 1131 2232 -
1155 2211 1176 2244 6
1198 2208 1277 2242 Luc.
1310 2217 1359 2249 ιο,
1386 2217 1413 2250 ς.
1437 2207 1474 2249 6;
1500 2208 1559 2241 Mt.
1586 2218 1636 2248 ιο,
1662 2217 1710 2242 12.
1738 2217 1788 2250 13·
1817 2229 1857 2235 —

452 2257 529 2294 Prov.
550 2260 601 2302 26,
619 2271 649 2296 2.
675 2281 717 2288 -
742 2266 781 2297 17
806 2262 901 2296 Prov.
928 2272 978 2304 10,
1006 2263 1055 2297 18.
1078 2282 1119 2286 -
1143 2266 1184 2297 21
1208 2262 1261 2297 Ps.
1287 2272 1316 2305 7,
1343 2262 1391 2296 16.
1415 2282 1458 2288 —
1480 2265 1524 2296 22
1545 2262 1640 2296 Prov.
1665 2261 1717 2302 26,
1741 2271 1791 2305 27.
1816 2283 1858 2289 —-

452 2312 518 2348 Tob.
539 2324 570 2356 4,
596 2326 645 2359 ¹5-
670 2335 713 2342 —
735 2320 778 2351 25
800 2317 815 2350 1
838 2316 958 2351 Thess.
982 2326 1011 2359 5,
1037 2326 1086 2358 1⁴-

453 2430 485 2475 ὴν
501 2439 540 2474 >
563 2437 583 2469 b
606 2446 629 2469 o
654 2437 660 2479 Ι
691 2440 731 2471 11
756 2435 966 2480 ἐπιστρέψει
990 2437 1021 2477 d,
1042 2433 1261 2480 ἀναστρέφει
1285 2436 1307 2469 h
1333 2438 1337 2477 Ι
1362 2434 1421 2471 ἐπὶ
1443 2440 1488 2476 >
1511 2435 1532 2468 d
1559 2438 1565 2476 Ι
1598 2438 1638 2469 12
1661 2430 1770 2477 αὐτῆς
1792 2444 1824 2466 m
1852 2435 1855 2475 ἰ

453 2485 501 2521 1⁸¹²
523 2491 529 2532 Ι
552 2489 764 2533 ἐπιστρέφει
788 2491 809 2524 b
832 2490 854 2523 d
878 2492 883 2531 1
910 2494 950 2525 13
972 2494 1036 2526 τοῦ
1057 2495 1102 2530 >
1126 2501 1145 2525 a
1168 2495 1176 2530 Ι
1201 2494 1242 2525 14
1264 2484 1374 2534 ὅνπερ
1399 2502 1406 2523 :
1430 2486 1482 2524 (ὃν
1503 2490 1524 2523 b
1548 2500 1569 2522 0
1596 2490 1600 2532 Ι
1627 2492 1667 2524 16
1689 2487 1857 2522 πέτανται

455 2553 546 2589 mop
569 2545 610 2579 cf.
629 2544 723 2579 Lxx
745 2546 749 2584 Ι
771 2548 812 2579 16
835 2547 1010 2588 στρουθία
1033 2554 1056 2579 ο
1075 2547 1079 2588 Ι
1100 2542 1155 2580 ἐπ’
1171 2549 1216 2584 >
1234 2555 1268 2578 m
1290 2556 1312 2577 v
1331 2552 1337 2584 ι
1359 2547 1398 2578 17
1421 2542 1654 2587 ἐπιφέροντες
1676 2544 1859 2585 λοιδορίαν

463 2594 1538 2642 {muhata-1118>mlffivbolslcabho:daep'dm
1563 2609 1626 2641 pv
1653 2601 1656 2637 Ι
1684 2601 1725 2631 21
1749 2594 1858 2632 αὐτὸν

452 2659 500 2693 Pv
526 2657 530 2694 !
559 2657 601 2689 28
624 2656 677 2699 τῷ
700 2654 857 2696 πλησίον
878 2664 887 2687 :
909 2658 985 2687 ante
1006 2650 1148 2696 βόθρον
1169 2653 1202 2695 h,
1233 2658 1278 2692 >
1301 2663 1335 2685 m
1359 2662 1379 2696 p
1403 2663 1423 2684 ν
1452 2653 1456 2691 Ι
1487 2649 1598 2687 αὐτοῦ
1620 2662 1639 2684 a
1663 2662 1670 2684 :
1694 2648 1801 2690 αὐτὸς
1824 2651 1856 2691 h,

452 2714 460 2736 ²
476 2706 494 2738 d
510 2719 542 2741 m
558 2719 580 2742 ο
595 2719 617 2753 p
633 2719 655 2741 v
673 2710 680 2750 Ι
701 2708 756 2748 εἰς
778 2704 892 2742 αὐτὸν
913 2705 1123 2750 ἐμπεσεῖται
1146 2718 1180 2741 m
1196 2719 1216 2752 p
1240 2719 1261 2741 v
1280 2709 1286 2748 Ι
1304 2710 1401 2744 23124
1424 2703 1559 2741 οὐκοῦν
1578 2723 1615 2731 -
1631 2702 1856 2747 καταράσθω

452 2768 469 2798 ²,
487 2762 590 2796 obelus
613 2763 769 2797 lacunam
793 2761 924 2802 indicat,
948 2762 1005 2795 sed
1021 2762 1169 2806 margine
1192 2762 1338 2806 praecisa
1361 2761 1441 2794 nihil
1464 2760 1603 2804 amplius
1625 2760 1692 2803 legi
1714 2764 1823 2803 potest
1850 2759 1854 2800 ξ

452 2815 535 2856 voi>
549 2828 583 2851 m
597 2817 603 2860 1
618 2818 718 2860 mm
734 2815 913 2860 γενέσθαι
930 2817 987 2850 σοὶ
1006 2827 1037 2860 p,
1053 2814 1099 2851 σὺ
1115 2817 1153 2859 (ο
1168 2816 1199 2859 Ρ)
1217 2827 1291 2859 γεν.
1310 2817 1368 2849 σοὶ
1385 2815 1406 2848 b
1423 2815 1443 2848 d
1460 2825 1481 2848 o
1496 2815 1500 2857 Ι
1515 2818 1558 2849 25
1574 2812 1658 2849 οὐδὲ
1677 2825 1685 2846 :
1706 2817 1742 2853 ÷
1763 2810 1808 2847 σὺ
1825 2811 1857 2850 b,

458 2877 474 2901 0
491 2881 509 2914 p
527 2887 532 2913 ς
550 2867 645 2917 ἇλλφ
663 2882 671 2905 :
695 2866 788 2905 α”λλο
813 2880 846 2913 p,
868 2864 977 2903 ἄλλον
991 2872 1050 2904 σοὶ
1073 2881 1090 2903 a
1111 2872 1116 2912 Ι
1135 2873 1178 2905 26
1201 2875 1276 2909 τοῖς
1290 2869 1313 2902 h
1332 2871 1336 2911 Ι
1357 2865 1645 2912 όλιγοψυχοὺσας
1667 2867 1686 2900 b
1710 2867 1732 2899 h
1755 2876 1777 2899 ο
1799 2877 1820 2898 v
