2457 3436
791 389 1011 419 mnascama
1039 389 1306 419 APOSTOLORUM
1336 390 1506 419 ammon.
1754 378 1892 419 XXIX

382 493 524 527 vatur.
572 485 703 527 Editio
730 493 861 527 autem
891 486 1120 540 scripturam
1151 499 1232 527 non
1258 486 1448 539 integram
1471 485 1639 540 praebet.
1689 485 1841 536 Codex,
1872 501 1892 527 e

387 565 479 605 quo
501 549 627 600 fluxit,
648 549 805 591 mutilus
824 557 896 600 est,
922 551 961 591 in
982 552 1107 604 capite
1127 549 1242 591 XXII
1263 550 1324 591 vel
1343 551 1381 591 in
1403 549 1529 591 verbis
1550 549 1892 592 Constitutionum

390 614 468 666 lv,
495 627 542 668 13
563 614 754 669 prioribus
774 614 968 656 desinens.
1012 614 1305 656 Detrimentum
1326 614 1540 656 dolendum
1560 622 1631 665 est,
1653 629 1742 656 cum
1763 615 1892 656 versio

396 680 622 734 aethiopica
643 680 784 721 rectius
804 694 920 735 quam
939 679 1055 722 altera
1071 680 1251 721 ordinem
1268 681 1479 734 scripturae
1498 680 1676 721 servavit.
1706 680 1891 721 Attamen

398 759 485 787 non
517 745 676 786 maioris
712 753 770 786 est
804 745 1011 787 momenti.
1068 745 1210 786 Versio
1250 745 1370 794 enim,
1405 752 1447 786 ut
1475 743 1649 798 Lagarde
1683 759 1764 785 uno
1801 744 1892 785 loco

399 811 594 864 sagaciter
627 811 821 864 perspexit
856 817 894 851 et
928 810 1019 851 inde
1054 824 1211 864 quoque
1248 816 1419 864 apparet,
1460 809 1567 864 quod
1603 810 1818 864 Aethiopes
1852 810 1893 850 in

401 876 629 916 universum
650 874 793 916 litteras
812 874 860 915 ab
874 874 1064 916 Arabibus
1084 882 1316 929 acceperunt
1334 874 1510 916 similiter
1528 889 1572 915 ac
1592 874 1632 915 hi
1651 889 1672 916 a
1691 874 1893 929 Coptitis,²

401 954 486 981 non
507 954 530 981 e
548 947 657 981 textu
676 953 832 993 graeco,
861 938 930 981 sed
949 953 971 981 e
991 940 1172 981 versione
1192 939 1339 981 arabica
1359 939 1529 994 perfecta
1549 947 1619 981 est.
1668 939 1783 989 Quae
1803 953 1892 980 cum

402 1005 454 1046 ita
481 1005 573 1054 sint,
607 1004 656 1046 de
685 1005 870 1058 scriptura
899 1005 961 1046 hic
990 1018 1072 1046 uon
1102 1004 1256 1046 uberius
1285 1013 1344 1046 est
1373 1004 1660 1060 disputandum.
1717 1004 1893 1046 Remitto

402 1068 592 1111 lectorem
629 1068 676 1110 ad
712 1068 940 1120 editionem,
975 1083 1074 1123 quae
1108 1076 1260 1124 praeter
1293 1076 1442 1111 textum
1479 1069 1745 1124 aethiopicum
1776 1070 1892 1111 etiam

402 1135 628 1176 versionem
657 1134 848 1187 anglicam
876 1134 1047 1188 praebet,
1078 1142 1117 1176 et
1143 1133 1192 1175 ad
1212 1134 1349 1175 librum
1371 1149 1504 1175 meum
1526 1134 1602 1175 Die
1621 1133 1894 1189 Apostolischen

403 1200 702 1241 Konstitutionen
725 1199 822 1250 1891
846 1213 884 1253 p.
906 1211 1133 1252 207—215‚
1164 1199 1226 1240 ubi
1247 1198 1541 1254 praefationem,
1569 1198 1704 1241 titulos
1724 1200 1892 1254 capitum

404 1273 442 1306 et
469 1264 736 1318 fragmentum
767 1265 898 1317 capitis
920 1264 974 1305 VI
993 1264 1054 1306 vel
1075 1264 1122 1306 C.
1143 1265 1193 1305 A.
1213 1264 1260 1314 II,
1282 1266 1332 1306 26
1363 1265 1401 1305 in
1428 1264 1599 1318 linguam
1630 1264 1892 1317 germanicam

403 1328 583 1371 transtuli
613 1336 652 1370 et
679 1328 787 1383 plura
816 1328 863 1369 de
894 1328 1026 1370 indole
1056 1330 1245 1370 versionis
1275 1328 1450 1370 disserui.

510 1393 729 1436 Didascalia
763 1393 944 1435 arabica
980 1394 1177 1449 hucusque
1222 1408 1304 1435 non
1340 1402 1399 1435 est
1435 1393 1548 1443 edita,
1591 1401 1750 1447 excepta
1788 1401 1895 1447 parte

404 1458 654 1513 praefationis
685 1458 744 1500 vel
773 1458 942 1514 prologo
964 1458 1322 1500 Constitutionibus
1342 1459 1434 1512 ipsis
1464 1459 1679 1512 praemisso
1709 1464 1749 1500 et
1768 1459 1893 1512 capite

403 1525 533 1580 primo
563 1524 919 1574 constitutionum,
957 1522 1063 1578 quod
1097 1522 1359 1577 fragmentum
1391 1523 1469 1564 Pell
1498 1522 1597 1564 Platt
1632 1522 1795 1564 editioni
1825 1522 1894 1563 Di—

404 1588 593 1630 dascaliae
614 1588 857 1643 aethiopicae
877 1602 914 1643 p.
935 1588 1029 1629 XIII
1047 1588 1232 1630 adiunxit.
1280 1588 1536 1629 Versionibus
1556 1595 1687 1629 autem
1708 1586 1893 1642 praefatio

403 1646 562 1709 proprie
591 1653 692 1695 dicta
719 1654 794 1695 iam
815 1653 910 1694 olim
931 1653 1084 1706 vulgata
1112 1653 1194 1695 fuit.
1244 1653 1408 1695 Saeculo
1429 1652 1561 1694 XVIII
1591 1653 1777 1694 Whiston
1808 1666 1892 1692 eam

402 1719 534 1769 latine,
564 1718 693 1760 Grabe
720 1718 871 1772 anglice
899 1718 1135 1772 publicavit.²
1192 1718 1309 1768 Quos
1337 1717 1492 1759 saeculo
1523 1717 1621 1758 XIX
1653 1725 1808 1758 secutus
1836 1724 1895 1758 est

404 1784 508 1825 Guil.
537 1782 708 1825 Bickeuss
737 1797 822 1824 eam
851 1784 1076 1837 germanice
1104 1783 1272 1824 tradens.
1330 1782 1519 1837 Equidem
1556 1783 1778 1823 versionem
1808 1796 1894 1835 ger-

403 1850 598 1890 manicam
627 1862 709 1889 non
734 1847 862 1889 solum
893 1847 1140 1902 praefationis
1168 1849 1288 1889 totius
1317 1849 1376 1889 vel
1400 1847 1647 1902 praefationis
1678 1855 1715 1888 et
1736 1847 1894 1888 Consti-

401 1914 602 1955 tutionum
624 1913 653 1962 Ι,
678 1926 792 1966 1-4,
821 1913 890 1955 sed
909 1914 1025 1955 etiam
1048 1914 1217 1966 capitum
1237 1912 1524 1963 additiciorum,
1545 1926 1660 1966 quarn
1682 1912 1751 1952 Dr.
1773 1911 1893 1952 Socin

402 1978 683 2032 benignissime
704 1978 800 2019 mihi
820 1979 976 2032 paravit,
998 1978 1037 2018 in
1058 1977 1155 2019 libro
1177 1976 1225 2018 de
1245 1977 1603 2018 Constitutionibus
1626 1991 1663 2030 p.
1681 1988 1839 2029 217—-2
1846 1979 1893 2029 36

403 2044 706 2085 communicavi.

512 2107 557 2149 In
575 2107 773 2149 codicibus
793 2107 888 2149 olim
908 2108 1100 2161 cognitis⁴
1116 2109 1301 2160 scriptura
1323 2106 1503 2148 dividitur
1523 2107 1563 2147 in
1578 2107 1701 2160 capita
1717 2106 1894 2147 XXXIX

402 2181 443 2215 et
459 2173 776 2215 Constitutiones
790 2172 1058 2226 apostolorum
1076 2172 1204 2213 I—VI
1219 2179 1370 2214 tantum
1385 2172 1640 2225 amplectitur,
1658 2185 1783 2225 neque
1799 2185 1895 2212 vero

402 2238 479 2279 hos
508 2237 627 2279 libros
656 2238 832 2292 integros
859 2237 974 2279 tradit
1008 2251 1136 2291 neque
1167 2251 1303 2279 eorum
1334 2237 1513 2278 ordinem
1545 2244 1682 2277 servat.
1741 2236 1897 2276 Praeter

401 2302 533 2356 plures
567 2301 770 2356 particulas
805 2303 978 2343 minores
1015 2303 1159 2344 omittit
1195 2310 1343 2356 partem
1384 2301 1467 2342 libri
1504 2301 1559 2341 VI
1595 2301 1800 2348 maiorem,
1841 2314 1895 2340 sc.

402 2382 439 2409 c.
458 2368 496 2418 6,
518 2367 665 2420 8-30,
691 2381 723 2408 1.
769 2367 904 2409 Altera
933 2382 979 2408 ex
1000 2375 1107 2421 parte
1137 2367 1350 2422 praemittit
1378 2365 1659 2419 praefationem
1691 2366 1802 2419 eique
1831 2363 1897 2405 ad-

403 2432 533 2485 iungit
560 2432 856 2487 inscriptionem
888 2440 926 2473 et
955 2433 1076 2485 capita
1105 2438 1270 2486 quatuor
1299 2432 1426 2484 priora
1456 2430 1810 2479 Constitutionum,
1845 2430 1895 2469 ita

517 2524 527 2540 ¹
551 2519 616 2551 Per
638 2528 783 2551 errorem
806 2517 840 2550 in
863 2517 946 2551 libro
968 2518 1010 2550 de
1026 2517 1321 2551 Constitutionibus
1345 2522 1449 2561 apost.
1478 2517 1552 2559 ¹89¹
1581 2527 1612 2559 p.
1632 2525 1691 2557 ²13
1711 2525 1758 2558 sq.
1782 2514 1896 2548 litteris

403 2572 543 2616 copticis
566 2572 746 2605 secundum
768 2572 879 2606 locum
903 2572 1041 2612 attribui,
1064 2582 1131 2605 non
1156 2572 1305 2614 primum.

516 2631 529 2649 ²
546 2626 710 2665 Whiston,
726 2626 821 2670 Essay
838 2637 879 2659 οη
895 2626 943 2659 the
955 2626 1149 2670 Apostolical
1168 2626 1393 2659 Constitutions
1411 2634 1487 2667 1711
1512 2624 1564 2657 vel
1581 2624 1748 2657 Primitive
1763 2623 1897 2656 Christi-

404 2682 494 2723 anity
517 2680 644 2713 reviv‘d
666 2686 746 2714 tom.
770 2680 827 2713 111.
873 2680 992 2719 Grabe,
1016 2680 1111 2722 Essay
1135 2686 1217 2723 upon
1244 2678 1319 2712 Two
1343 2678 1480 2711 Arabick
1502 2678 1714 2722 Manuscripts
1740 2686 1832 2719 1711.

516 2739 529 2756 ²
554 2733 730 2767 Geschichte
750 2735 803 2767 des
826 2733 1062 2766 Kirchenrechts
1089 2734 1167 2776 1843
1193 2733 1217 2773 1,
1244 2732 1423 2774 162—164.

514 2793 528 2811 ⁴
551 2787 604 2837 Cf.
627 2787 784 2821 Analecta
806 2788 1031 2821 Antenicaena
1055 2788 1104 2821 ed.
1129 2787 1259 2821 Bunsen
1287 2788 1369 2829 1854
1391 2787 1430 2827 11,
1458 2786 1513 2829 36;
1547 2786 1705 2830 Lagarde,
1730 2785 1897 2829 Reliquiae

406 2842 484 2875 iuris
514 2842 631 2875 eccles.
661 2847 726 2875 ant.
749 2853 798 2886 gr.
826 2841 906 2884 1856
936 2853 966 2886 p.
990 2842 1035 2875 lv
1057 2847 1125 2875 not.
1152 2851 1185 2883 33
1220 2840 1343 2881 Riedel,
1376 2841 1439 2873 Die
1462 2840 1818 2883 Kirchmrechtsquaellen
1847 2840 1900 2872 des

408 2896 623 2930 Patriarchats
644 2896 861 2929 Alexandrina
886 2906 970 2941 1900
992 2907 1022 2940 p.
1051 2895 1099 2929 16.
1147 2895 1306 2929 Romische
1330 2895 1578 2938 Quartalschnjft
1600 2894 1677 2927 XIV
1694 2894 1822 2938 (1900),
1848 2904 1897 2936 13.
