<?xml version="1.0" encoding="UTF-8"?>
<!DOCTYPE html PUBLIC "-//W3C//DTD XHTML 1.0 Transitional//EN"
    "http://www.w3.org/TR/xhtml1/DTD/xhtml1-transitional.dtd">
<html xmlns="http://www.w3.org/1999/xhtml" xml:lang="en" lang="en">
 <head>
  <title>
</title>
<meta http-equiv="Content-Type" content="text/html;charset=utf-8" />
  <meta name='ocr-system' content='tesseract 3.04.00' />
  <meta name='ocr-capabilities' content='ocr_page ocr_carea ocr_par ocr_line ocrx_word'/>
</head>
<body>
  <div class='ocr_page' id='page_1' title='image "./didascaliaetcon00funkgoog/didascaliaetcon00funkgoog_0038.png"; bbox 0 0 2457 3436; ppageno 0'>
   <div class='ocr_carea' id='block_1_1' title="bbox 886 349 1939 402">
    <p class='ocr_par' dir='ltr' id='par_1_1' title="bbox 886 349 1939 402">
     <span class='ocr_line' id='line_1_1' title="bbox 886 349 1939 402; baseline 0.009 -8"><span class='ocrx_word' id='word_1_1' title='bbox 886 365 1199 396; x_wconf 67' lang='lat' dir='ltr'>consrirurionas</span> <span class='ocrx_word' id='word_1_2' title='bbox 1227 366 1503 397; x_wconf 67' lang='lat' dir='ltr'>spos-romanu.</span> <span class='ocrx_word' id='word_1_3' title='bbox 1799 349 1939 402; x_wconf 89' lang='lat' dir='ltr'>XXIX</span> 
     </span>
    </p>
   </div>
   <div class='ocr_carea' id='block_1_2' title="bbox 453 460 1938 1944">
    <p class='ocr_par' dir='ltr' id='par_1_2' title="bbox 453 460 1938 1944">
     <span class='ocr_line' id='line_1_2' title="bbox 515 460 1936 522; baseline 0.004 -19"><span class='ocrx_word' id='word_1_4' title='bbox 515 467 544 503; x_wconf 84' lang='lat' dir='ltr'>et</span> <span class='ocrx_word' id='word_1_5' title='bbox 560 460 674 516; x_wconf 78' lang='lat' dir='ltr'>quidem</span> <span class='ocrx_word' id='word_1_6' title='bbox 700 460 839 502; x_wconf 85' lang='lat' dir='ltr'>ordine</span> <span class='ocrx_word' id='word_1_7' title='bbox 877 468 1005 503; x_wconf 88' lang='lat' dir='ltr'>recto:</span> <span class='ocrx_word' id='word_1_8' title='bbox 1044 461 1171 503; x_wconf 90' lang='lat' dir='ltr'>modo</span> <span class='ocrx_word' id='word_1_9' title='bbox 1208 464 1486 517; x_wconf 85' lang='lat' dir='ltr'><strong>quaterniones</strong></span> <span class='ocrx_word' id='word_1_10' title='bbox 1520 464 1810 508; x_wconf 84' lang='lat' dir='ltr'>undevicesima</span> <span class='ocrx_word' id='word_1_11' title='bbox 1848 466 1936 522; x_wconf 87' lang='lat' dir='ltr'>(fol.</span> 
     </span>
     <span class='ocr_line' id='line_1_3' title="bbox 453 525 1936 586; baseline 0.003 -17"><span class='ocrx_word' id='word_1_12' title='bbox 453 565 455 569; x_wconf 80' lang='grc'>,</span> <span class='ocrx_word' id='word_1_13' title='bbox 518 525 683 580; x_wconf 77' lang='lat'>145—152)</span> <span class='ocrx_word' id='word_1_14' title='bbox 711 533 750 567; x_wconf 93' lang='lat' dir='ltr'>et</span> <span class='ocrx_word' id='word_1_15' title='bbox 769 526 959 568; x_wconf 89' lang='lat' dir='ltr'>vicesima</span> <span class='ocrx_word' id='word_1_16' title='bbox 978 525 1068 581; x_wconf 89' lang='lat' dir='ltr'>(fol.</span> <span class='ocrx_word' id='word_1_17' title='bbox 1095 539 1165 580; x_wconf 84' lang='lat'>153</span> <span class='ocrx_word' id='word_1_18' title='bbox 1185 528 1341 581; x_wconf 89' lang='lat' dir='ltr'>—16o)‚</span> <span class='ocrx_word' id='word_1_19' title='bbox 1370 543 1390 569; x_wconf 90' lang='lat' dir='ltr'>a</span> <span class='ocrx_word' id='word_1_20' title='bbox 1411 527 1636 583; x_wconf 88' lang='lat' dir='ltr'>bibliopego</span> <span class='ocrx_word' id='word_1_21' title='bbox 1664 532 1936 586; x_wconf 81' lang='lat' dir='ltr'>transpositae,</span> 
     </span>
     <span class='ocr_line' id='line_1_4' title="bbox 511 590 1936 649; baseline 0.005 -18"><span class='ocrx_word' id='word_1_22' title='bbox 511 590 633 632; x_wconf 77' lang='lat' dir='ltr'>ordinem</span> <span class='ocrx_word' id='word_1_23' title='bbox 663 591 861 632; x_wconf 86' lang='lat' dir='ltr'>inversum</span> <span class='ocrx_word' id='word_1_24' title='bbox 901 590 1092 633; x_wconf 87' lang='lat' dir='ltr'>obtinent.</span> <span class='ocrx_word' id='word_1_25' title='bbox 1150 592 1233 633; x_wconf 89' lang='lat' dir='ltr'>Fol.</span> <span class='ocrx_word' id='word_1_26' title='bbox 1268 606 1283 633; x_wconf 90' lang='lat'>1</span> <span class='ocrx_word' id='word_1_27' title='bbox 1321 600 1506 647; x_wconf 88' lang='lat' dir='ltr'>tanquam</span> <span class='ocrx_word' id='word_1_28' title='bbox 1545 594 1734 648; x_wconf 87' lang='lat' dir='ltr'>prologus</span> <span class='ocrx_word' id='word_1_29' title='bbox 1769 595 1936 649; x_wconf 78' lang='lat' dir='ltr'>praefixa</span> 
     </span>
     <span class='ocr_line' id='line_1_5' title="bbox 509 655 1936 713; baseline 0.005 -17"><span class='ocrx_word' id='word_1_30' title='bbox 509 663 549 697; x_wconf 80' lang='lat' dir='ltr'>est</span> <span class='ocrx_word' id='word_1_31' title='bbox 566 656 775 710; x_wconf 87' lang='lat' dir='ltr'>comparatio</span> <span class='ocrx_word' id='word_1_32' title='bbox 805 655 991 698; x_wconf 88' lang='lat' dir='ltr'>ecclesiae</span> <span class='ocrx_word' id='word_1_33' title='bbox 1020 670 1109 697; x_wconf 91' lang='lat' dir='ltr'>cum</span> <span class='ocrx_word' id='word_1_34' title='bbox 1140 658 1241 706; x_wconf 86' lang='lat' dir='ltr'>navi,</span> <span class='ocrx_word' id='word_1_35' title='bbox 1277 657 1483 713; x_wconf 90' lang='lat' dir='ltr'>desumpta</span> <span class='ocrx_word' id='word_1_36' title='bbox 1512 672 1559 699; x_wconf 88' lang='lat' dir='ltr'>ex</span> <span class='ocrx_word' id='word_1_37' title='bbox 1587 659 1747 713; x_wconf 85' lang='lat' dir='ltr'>epistula</span> <span class='ocrx_word' id='word_1_38' title='bbox 1777 660 1816 702; x_wconf 90' lang='lat' dir='ltr'>S.</span> <span class='ocrx_word' id='word_1_39' title='bbox 1847 661 1936 703; x_wconf 91' lang='lat' dir='ltr'>Cle-</span> 
     </span>
     <span class='ocr_line' id='line_1_6' title="bbox 508 719 1936 779; baseline 0.004 -17"><span class='ocrx_word' id='word_1_40' title='bbox 508 721 602 762; x_wconf 81' lang='lat' dir='ltr'>mentis</span> <span class='ocrx_word' id='word_1_41' title='bbox 622 719 663 762; x_wconf 87' lang='lat' dir='ltr'>ad</span> <span class='ocrx_word' id='word_1_42' title='bbox 690 720 876 762; x_wconf 89' lang='lat' dir='ltr'>Iacobum</span> <span class='ocrx_word' id='word_1_43' title='bbox 906 735 940 762; x_wconf 88' lang='lat' dir='ltr'>c.</span> <span class='ocrx_word' id='word_1_44' title='bbox 976 734 1145 774; x_wconf 83' lang='lat'>14—15,</span> <span class='ocrx_word' id='word_1_45' title='bbox 1173 722 1363 776; x_wconf 89' lang='lat' dir='ltr'>incipiens</span> <span class='ocrx_word' id='word_1_46' title='bbox 1393 723 1519 763; x_wconf 88' lang='lat' dir='ltr'>verbis</span> <span class='ocrx_word' id='word_1_47' title='bbox 1552 722 1659 765; x_wconf 75' lang='grc' dir='ltr'><strong><em>ἔοικε</em></strong></span> <span class='ocrx_word' id='word_1_48' title='bbox 1693 724 1743 766; x_wconf 82' lang='grc' dir='ltr'>τὸ</span> <span class='ocrx_word' id='word_1_49' title='bbox 1771 730 1936 779; x_wconf 76' lang='grc' dir='ltr'><strong><em>πρᾶγμα</em></strong></span> 
     </span>
     <span class='ocr_line' id='line_1_7' title="bbox 506 785 1936 843; baseline 0.004 -17"><span class='ocrx_word' id='word_1_50' title='bbox 506 790 555 837; x_wconf 70' lang='grc' dir='ltr'>τῆς</span> <span class='ocrx_word' id='word_1_51' title='bbox 570 785 757 839; x_wconf 71' lang='grc' dir='ltr'><strong><em>ἐκκλησίας</em></strong></span> <span class='ocrx_word' id='word_1_52' title='bbox 785 787 853 840; x_wconf 80' lang='grc' dir='ltr'>νηῒ</span> <span class='ocrx_word' id='word_1_53' title='bbox 868 785 1030 840; x_wconf 74' lang='grc' dir='ltr'><strong><em>μεγάλῃ,</em></strong></span> <span class='ocrx_word' id='word_1_54' title='bbox 1061 786 1243 828; x_wconf 89' lang='lat' dir='ltr'>desinens</span> <span class='ocrx_word' id='word_1_55' title='bbox 1269 786 1395 828; x_wconf 91' lang='lat' dir='ltr'>verbis</span> <span class='ocrx_word' id='word_1_56' title='bbox 1424 787 1464 828; x_wconf 76' lang='grc' dir='ltr'>οἱ</span> <span class='ocrx_word' id='word_1_57' title='bbox 1493 788 1536 828; x_wconf 74' lang='grc' dir='ltr'>δὲ</span> <span class='ocrx_word' id='word_1_58' title='bbox 1555 787 1707 836; x_wconf 78' lang='grc' dir='ltr'><em>,πάντες</em></span> <span class='ocrx_word' id='word_1_59' title='bbox 1735 793 1825 842; x_wconf 76' lang='grc' dir='ltr'>θεῷ</span> <span class='ocrx_word' id='word_1_60' title='bbox 1842 793 1936 843; x_wconf 70' lang='grc' dir='ltr'>περὶ</span> 
     </span>
     <span class='ocr_line' id='line_1_8' title="bbox 505 849 1936 908; baseline 0.004 -17"><span class='ocrx_word' id='word_1_61' title='bbox 505 854 555 891; x_wconf 78' lang='grc' dir='ltr'>τοῦ</span> <span class='ocrx_word' id='word_1_62' title='bbox 572 849 667 905; x_wconf 63' lang='grc' dir='ltr'><strong><em>οὐρίᾳ</em></strong></span> <span class='ocrx_word' id='word_1_63' title='bbox 692 852 832 893; x_wconf 69' lang='grc' dir='ltr'><strong><em>πλέειν</em></strong></span> <span class='ocrx_word' id='word_1_64' title='bbox 859 852 1232 904; x_wconf 70' lang='grc' dir='ltr'><strong><em>,προσευχέσθωσαν</em></strong></span> <span class='ocrx_word' id='word_1_65' title='bbox 1260 849 1317 900; x_wconf 79' lang='grc' dir='ltr'>ὡς</span> <span class='ocrx_word' id='word_1_66' title='bbox 1344 851 1523 904; x_wconf 74' lang='grc' dir='ltr'><em>δεσπότῃ</em></span> <span class='ocrx_word' id='word_1_67' title='bbox 1550 854 1618 894; x_wconf 81' lang='grc' dir='ltr'>καὶ</span> <span class='ocrx_word' id='word_1_68' title='bbox 1643 857 1716 907; x_wconf 84' lang='grc' dir='ltr'>τῆς</span> <span class='ocrx_word' id='word_1_69' title='bbox 1742 854 1841 908; x_wconf 82' lang='grc' dir='ltr'>νηὸς</span> <span class='ocrx_word' id='word_1_70' title='bbox 1867 858 1936 897; x_wconf 80' lang='grc' dir='ltr'>καὶ</span> 
     </span>
     <span class='ocr_line' id='line_1_9' title="bbox 507 915 1935 971; baseline 0.003 -15"><span class='ocrx_word' id='word_1_71' title='bbox 507 918 557 956; x_wconf 76' lang='grc' dir='ltr'>τοῦ</span> <span class='ocrx_word' id='word_1_72' title='bbox 568 915 798 968; x_wconf 76' lang='grc' dir='ltr'><strong><em>κυβερνήτου</em></strong></span> <span class='ocrx_word' id='word_1_73' title='bbox 823 918 963 969; x_wconf 71' lang='grc' dir='ltr'><strong>πατρί.</strong></span> <span class='ocrx_word' id='word_1_74' title='bbox 1021 917 1336 958; x_wconf 87' lang='lat' dir='ltr'>Constitutiones</span> <span class='ocrx_word' id='word_1_75' title='bbox 1363 925 1579 971; x_wconf 90' lang='lat' dir='ltr'>sequuntur</span> <span class='ocrx_word' id='word_1_76' title='bbox 1606 918 1818 960; x_wconf 83' lang='lat' dir='ltr'>nonnullae</span> <span class='ocrx_word' id='word_1_77' title='bbox 1844 921 1935 961; x_wconf 91' lang='lat' dir='ltr'>scri-</span> 
     </span>
     <span class='ocr_line' id='line_1_10' title="bbox 506 980 1934 1038; baseline 0.003 -17"><span class='ocrx_word' id='word_1_78' title='bbox 506 986 595 1033; x_wconf 79' lang='lat' dir='ltr'>pturae</span> <span class='ocrx_word' id='word_1_79' title='bbox 617 981 656 1021; x_wconf 87' lang='lat' dir='ltr'>ab</span> <span class='ocrx_word' id='word_1_80' title='bbox 682 980 753 1022; x_wconf 90' lang='lat' dir='ltr'>alia</span> <span class='ocrx_word' id='word_1_81' title='bbox 782 995 903 1022; x_wconf 84' lang='lat' dir='ltr'>manu</span> <span class='ocrx_word' id='word_1_82' title='bbox 924 989 1056 1023; x_wconf 86' lang='lat' dir='ltr'>vetere</span> <span class='ocrx_word' id='word_1_83' title='bbox 1075 989 1273 1032; x_wconf 85' lang='lat' dir='ltr'>-exaratae,</span> <span class='ocrx_word' id='word_1_84' title='bbox 1302 981 1447 1023; x_wconf 89' lang='lat' dir='ltr'>scilicet</span> <span class='ocrx_word' id='word_1_85' title='bbox 1473 982 1934 1038; x_wconf 77' lang='lat' dir='ltr'>Constantinopolitanae</span> 
     </span>
     <span class='ocr_line' id='line_1_11' title="bbox 507 1045 1935 1099; baseline 0.004 -14"><span class='ocrx_word' id='word_1_86' title='bbox 507 1045 635 1087; x_wconf 80' lang='lat' dir='ltr'>ecclesiae</span> <span class='ocrx_word' id='word_1_87' title='bbox 659 1047 868 1099; x_wconf 87' lang='lat' dir='ltr'>gratiarum</span> <span class='ocrx_word' id='word_1_88' title='bbox 900 1046 1005 1088; x_wconf 82' lang='lat' dir='ltr'>actio</span> <span class='ocrx_word' id='word_1_89' title='bbox 1022 1046 1075 1088; x_wconf 92' lang='lat' dir='ltr'>ob</span> <span class='ocrx_word' id='word_1_90' title='bbox 1099 1047 1310 1088; x_wconf 89' lang='lat' dir='ltr'>catholicae</span> <span class='ocrx_word' id='word_1_91' title='bbox 1338 1046 1430 1088; x_wconf 89' lang='lat' dir='ltr'>fidei</span> <span class='ocrx_word' id='word_1_92' title='bbox 1449 1048 1736 1090; x_wconf 88' lang='lat' dir='ltr'>restitutionem</span> <span class='ocrx_word' id='word_1_93' title='bbox 1766 1056 1807 1090; x_wconf 88' lang='lat' dir='ltr'>et</span> <span class='ocrx_word' id='word_1_94' title='bbox 1827 1062 1935 1090; x_wconf 91' lang='lat' dir='ltr'>ever·</span> 
     </span>
     <span class='ocr_line' id='line_1_12' title="bbox 507 1109 1934 1164; baseline 0.003 -14"><span class='ocrx_word' id='word_1_95' title='bbox 507 1109 613 1151; x_wconf 78' lang='lat' dir='ltr'>sionem</span> <span class='ocrx_word' id='word_1_96' title='bbox 645 1111 851 1153; x_wconf 89' lang='lat' dir='ltr'>haereseos</span> <span class='ocrx_word' id='word_1_97' title='bbox 893 1111 1217 1153; x_wconf 88' lang='lat' dir='ltr'>Iconomachicae</span> <span class='ocrx_word' id='word_1_98' title='bbox 1255 1111 1322 1153; x_wconf 88' lang='lat' dir='ltr'>fol.</span> <span class='ocrx_word' id='word_1_99' title='bbox 1366 1112 1437 1164; x_wconf 80' lang='lat'>185</span> <span class='ocrx_word' id='word_1_100' title='bbox 1454 1137 1501 1142; x_wconf 88' lang='lat'>—-</span> <span class='ocrx_word' id='word_1_101' title='bbox 1518 1125 1610 1164; x_wconf 79' lang='lat'>1913</span> <span class='ocrx_word' id='word_1_102' title='bbox 1650 1112 1690 1154; x_wconf 86' lang='lat' dir='ltr'>S.</span> <span class='ocrx_word' id='word_1_103' title='bbox 1728 1112 1934 1154; x_wconf 90' lang='lat' dir='ltr'>Theodori</span> 
     </span>
     <span class='ocr_line' id='line_1_13' title="bbox 507 1173 1933 1232; baseline 0.003 -17"><span class='ocrx_word' id='word_1_104' title='bbox 507 1173 629 1217; x_wconf 75' lang='lat' dir='ltr'>Smditae</span> <span class='ocrx_word' id='word_1_105' title='bbox 657 1175 771 1217; x_wconf 90' lang='lat' dir='ltr'>Ordo</span> <span class='ocrx_word' id='word_1_106' title='bbox 807 1177 997 1218; x_wconf 87' lang='lat' dir='ltr'>asceticus</span> <span class='ocrx_word' id='word_1_107' title='bbox 1032 1175 1082 1218; x_wconf 90' lang='lat' dir='ltr'>de</span> <span class='ocrx_word' id='word_1_108' title='bbox 1117 1178 1328 1232; x_wconf 89' lang='lat' dir='ltr'>quantitate</span> <span class='ocrx_word' id='word_1_109' title='bbox 1366 1185 1404 1217; x_wconf 91' lang='lat' dir='ltr'>et</span> <span class='ocrx_word' id='word_1_110' title='bbox 1438 1177 1620 1232; x_wconf 84' lang='lat' dir='ltr'>qualitate</span> <span class='ocrx_word' id='word_1_111' title='bbox 1654 1177 1833 1219; x_wconf 89' lang='lat' dir='ltr'>ciborum</span> <span class='ocrx_word' id='word_1_112' title='bbox 1867 1177 1933 1219; x_wconf 85' lang='lat' dir='ltr'>fol.</span> 
     </span>
     <span class='ocr_line' id='line_1_14' title="bbox 511 1240 1935 1296; baseline 0.004 -17"><span class='ocrx_word' id='word_1_113' title='bbox 511 1246 696 1294; x_wconf 83' lang='lat'>192—193·;</span> <span class='ocrx_word' id='word_1_114' title='bbox 724 1242 975 1284; x_wconf 75' lang='lat' dir='ltr'>precationes</span> <span class='ocrx_word' id='word_1_115' title='bbox 1003 1256 1133 1283; x_wconf 88' lang='lat' dir='ltr'>sacrae</span> <span class='ocrx_word' id='word_1_116' title='bbox 1162 1249 1254 1284; x_wconf 93' lang='lat' dir='ltr'>octo</span> <span class='ocrx_word' id='word_1_117' title='bbox 1284 1240 1352 1282; x_wconf 90' lang='lat' dir='ltr'>fol.</span> <span class='ocrx_word' id='word_1_118' title='bbox 1385 1243 1625 1296; x_wconf 68' lang='lat'>193⁶—194</span> <span class='ocrx_word' id='word_1_119' title='bbox 1681 1242 1816 1284; x_wconf 87' lang='lat' dir='ltr'>Finem</span> <span class='ocrx_word' id='word_1_120' title='bbox 1845 1241 1935 1284; x_wconf 88' lang='lat' dir='ltr'>facit</span> 
     </span>
     <span class='ocr_line' id='line_1_15' title="bbox 509 1303 1932 1362; baseline 0.004 -19"><span class='ocrx_word' id='word_1_121' title='bbox 509 1303 681 1359; x_wconf 82' lang='lat' dir='ltr'>subscriptio</span> <span class='ocrx_word' id='word_1_122' title='bbox 706 1305 929 1349; x_wconf 88' lang='lat' dir='ltr'>Theodosii</span> <span class='ocrx_word' id='word_1_123' title='bbox 967 1306 1170 1348; x_wconf 89' lang='lat' dir='ltr'>cuiusdam</span> <span class='ocrx_word' id='word_1_124' title='bbox 1205 1307 1407 1361; x_wconf 89' lang='lat' dir='ltr'>principis,</span> <span class='ocrx_word' id='word_1_125' title='bbox 1443 1306 1490 1348; x_wconf 91' lang='lat' dir='ltr'>ad</span> <span class='ocrx_word' id='word_1_126' title='bbox 1528 1321 1645 1362; x_wconf 89' lang='lat' dir='ltr'>quern</span> <span class='ocrx_word' id='word_1_127' title='bbox 1680 1307 1805 1349; x_wconf 81' lang='lat' dir='ltr'>codex</span> <span class='ocrx_word' id='word_1_128' title='bbox 1838 1306 1932 1349; x_wconf 91' lang='lat' dir='ltr'>olim</span> 
     </span>
     <span class='ocr_line' id='line_1_16' title="bbox 509 1370 1934 1427; baseline 0.003 -17"><span class='ocrx_word' id='word_1_129' title='bbox 509 1370 649 1421; x_wconf 74' lang='lat' dir='ltr'>pertinuit.</span> <span class='ocrx_word' id='word_1_130' title='bbox 683 1371 869 1413; x_wconf 90' lang='lat' dir='ltr'>Canones</span> <span class='ocrx_word' id='word_1_131' title='bbox 885 1371 1156 1427; x_wconf 85' lang='lat' dir='ltr'>apostolorum</span> <span class='ocrx_word' id='word_1_132' title='bbox 1178 1371 1374 1413; x_wconf 85' lang='lat' dir='ltr'>deficiunt.</span> <span class='ocrx_word' id='word_1_133' title='bbox 1414 1372 1515 1413; x_wconf 89' lang='lat' dir='ltr'>Cum</span> <span class='ocrx_word' id='word_1_134' title='bbox 1545 1380 1675 1414; x_wconf 90' lang='lat' dir='ltr'>autem</span> <span class='ocrx_word' id='word_1_135' title='bbox 1704 1371 1934 1427; x_wconf 89' lang='lat' dir='ltr'>subscriptio</span> 
     </span>
     <span class='ocr_line' id='line_1_17' title="bbox 509 1430 1933 1492; baseline 0.003 -17"><span class='ocrx_word' id='word_1_136' title='bbox 509 1430 595 1474; x_wconf 86' lang='lat' dir='ltr'>finem</span> <span class='ocrx_word' id='word_1_137' title='bbox 615 1435 771 1478; x_wconf 90' lang='lat' dir='ltr'>indicans</span> <span class='ocrx_word' id='word_1_138' title='bbox 801 1435 903 1478; x_wconf 89' lang='lat' dir='ltr'>desit</span> <span class='ocrx_word' id='word_1_139' title='bbox 930 1444 969 1478; x_wconf 95' lang='lat' dir='ltr'>et</span> <span class='ocrx_word' id='word_1_140' title='bbox 997 1438 1037 1478; x_wconf 91' lang='lat' dir='ltr'>in</span> <span class='ocrx_word' id='word_1_141' title='bbox 1066 1437 1321 1491; x_wconf 86' lang='lat' dir='ltr'>inscriptione</span> <span class='ocrx_word' id='word_1_142' title='bbox 1350 1436 1433 1478; x_wconf 90' lang='lat' dir='ltr'>libri</span> <span class='ocrx_word' id='word_1_143' title='bbox 1462 1439 1589 1479; x_wconf 83' lang='lat' dir='ltr'>octavi</span> <span class='ocrx_word' id='word_1_144' title='bbox 1609 1451 1789 1492; x_wconf 86' lang='lat' dir='ltr'>expresse</span> <span class='ocrx_word' id='word_1_145' title='bbox 1818 1439 1933 1480; x_wconf 87' lang='lat' dir='ltr'>etiam</span> 
     </span>
     <span class='ocr_line' id='line_1_18' title="bbox 510 1500 1935 1556; baseline 0.002 -15"><span class='ocrx_word' id='word_1_146' title='bbox 510 1500 577 1548; x_wconf 69' lang='grc' dir='ltr'>περὶ</span> <span class='ocrx_word' id='word_1_147' title='bbox 596 1500 762 1542; x_wconf 72' lang='grc' dir='ltr'><strong><em>κανόνων</em></strong></span> <span class='ocrx_word' id='word_1_148' title='bbox 779 1503 1131 1556; x_wconf 72' lang='grc' dir='ltr'><strong><em>ἑκκλησιαστικῶν</em></strong></span> <span class='ocrx_word' id='word_1_149' title='bbox 1154 1516 1288 1544; x_wconf 88' lang='lat' dir='ltr'>sermo</span> <span class='ocrx_word' id='word_1_150' title='bbox 1310 1501 1390 1550; x_wconf 75' lang='lat' dir='ltr'>fiat,</span> <span class='ocrx_word' id='word_1_151' title='bbox 1409 1501 1592 1556; x_wconf 88' lang='lat' dir='ltr'>colligere</span> <span class='ocrx_word' id='word_1_152' title='bbox 1618 1502 1721 1553; x_wconf 87' lang='lat' dir='ltr'>licet,</span> <span class='ocrx_word' id='word_1_153' title='bbox 1751 1516 1820 1544; x_wconf 91' lang='lat' dir='ltr'>eos</span> <span class='ocrx_word' id='word_1_154' title='bbox 1840 1502 1935 1544; x_wconf 87' lang='lat' dir='ltr'>olim</span> 
     </span>
     <span class='ocr_line' id='line_1_19' title="bbox 512 1561 1935 1622; baseline 0.004 -19"><span class='ocrx_word' id='word_1_155' title='bbox 512 1561 546 1601; x_wconf 86' lang='lat' dir='ltr'>in</span> <span class='ocrx_word' id='word_1_156' title='bbox 569 1563 666 1606; x_wconf 87' lang='lat' dir='ltr'>codice</span> <span class='ocrx_word' id='word_1_157' title='bbox 695 1566 827 1608; x_wconf 88' lang='lat' dir='ltr'>locum</span> <span class='ocrx_word' id='word_1_158' title='bbox 867 1566 1081 1608; x_wconf 89' lang='lat' dir='ltr'>obtinuisse</span> <span class='ocrx_word' id='word_1_159' title='bbox 1116 1574 1154 1608; x_wconf 89' lang='lat' dir='ltr'>et</span> <span class='ocrx_word' id='word_1_160' title='bbox 1188 1567 1324 1608; x_wconf 88' lang='lat' dir='ltr'>iniuria</span> <span class='ocrx_word' id='word_1_161' title='bbox 1367 1568 1556 1621; x_wconf 87' lang='lat' dir='ltr'>temporis</span> <span class='ocrx_word' id='word_1_162' title='bbox 1592 1574 1727 1621; x_wconf 87' lang='lat' dir='ltr'>postea</span> <span class='ocrx_word' id='word_1_163' title='bbox 1764 1568 1935 1622; x_wconf 88' lang='lat' dir='ltr'>periisse.</span> 
     </span>
     <span class='ocr_line' id='line_1_20' title="bbox 514 1624 1937 1687; baseline 0.002 -20"><span class='ocrx_word' id='word_1_164' title='bbox 514 1624 613 1669; x_wconf 84' lang='lat' dir='ltr'>Codex</span> <span class='ocrx_word' id='word_1_165' title='bbox 638 1629 835 1685; x_wconf 84' lang='lat' dir='ltr'>diligenter</span> <span class='ocrx_word' id='word_1_166' title='bbox 872 1639 1046 1674; x_wconf 88' lang='lat' dir='ltr'>exaratus</span> <span class='ocrx_word' id='word_1_167' title='bbox 1085 1639 1162 1681; x_wconf 88' lang='lat' dir='ltr'>est;</span> <span class='ocrx_word' id='word_1_168' title='bbox 1198 1646 1223 1671; x_wconf 83' lang='lat' dir='ltr'><em>v</em></span> <span class='ocrx_word' id='word_1_169' title='bbox 1251 1630 1544 1681; x_wconf 70' lang='grc' dir='ltr'>ἐςελκυστικὸν</span> <span class='ocrx_word' id='word_1_170' title='bbox 1581 1630 1662 1673; x_wconf 87' lang='lat' dir='ltr'>fere</span> <span class='ocrx_word' id='word_1_171' title='bbox 1695 1631 1837 1687; x_wconf 89' lang='lat' dir='ltr'>ubique</span> <span class='ocrx_word' id='word_1_172' title='bbox 1873 1647 1937 1674; x_wconf 46' lang='grc' dir='ltr'>εις</span> 
     </span>
     <span class='ocr_line' id='line_1_21' title="bbox 513 1688 1938 1750; baseline 0.002 -14"><span class='ocrx_word' id='word_1_173' title='bbox 513 1688 598 1742; x_wconf 75' lang='lat' dir='ltr'>hibet,</span> <span class='ocrx_word' id='word_1_174' title='bbox 611 1696 701 1736; x_wconf 87' lang='lat' dir='ltr'>etiam</span> <span class='ocrx_word' id='word_1_175' title='bbox 722 1703 817 1738; x_wconf 89' lang='lat' dir='ltr'>ante</span> <span class='ocrx_word' id='word_1_176' title='bbox 831 1704 1112 1747; x_wconf 87' lang='lat' dir='ltr'>consonantes,</span> <span class='ocrx_word' id='word_1_177' title='bbox 1134 1710 1216 1738; x_wconf 91' lang='lat' dir='ltr'>non</span> <span class='ocrx_word' id='word_1_178' title='bbox 1233 1703 1361 1737; x_wconf 84' lang='lat' dir='ltr'>autern</span> <span class='ocrx_word' id='word_1_179' title='bbox 1379 1711 1393 1736; x_wconf 93' lang='grc' dir='ltr'><strong><em>ι</em></strong></span> <span class='ocrx_word' id='word_1_180' title='bbox 1416 1696 1687 1750; x_wconf 75' lang='lat' dir='ltr'>subscriptum,</span> <span class='ocrx_word' id='word_1_181' title='bbox 1730 1696 1938 1740; x_wconf 87' lang='lat' dir='ltr'>Lectiones</span> 
     </span>
     <span class='ocr_line' id='line_1_22' title="bbox 513 1755 1938 1814; baseline 0.005 -15"><span class='ocrx_word' id='word_1_182' title='bbox 513 1755 616 1806; x_wconf 84' lang='lat' dir='ltr'>primus</span> <span class='ocrx_word' id='word_1_183' title='bbox 642 1759 808 1802; x_wconf 89' lang='lat' dir='ltr'>Clericus</span> <span class='ocrx_word' id='word_1_184' title='bbox 851 1760 1069 1814; x_wconf 88' lang='lat' dir='ltr'>publicavit,</span> <span class='ocrx_word' id='word_1_185' title='bbox 1114 1775 1186 1801; x_wconf 91' lang='lat' dir='ltr'>nec</span> <span class='ocrx_word' id='word_1_186' title='bbox 1231 1773 1325 1801; x_wconf 90' lang='lat' dir='ltr'>vero</span> <span class='ocrx_word' id='word_1_187' title='bbox 1364 1773 1506 1805; x_wconf 74' lang='lat' dir='ltr'>omnes</span> <span class='ocrx_word' id='word_1_188' title='bbox 1549 1774 1625 1805; x_wconf 84' lang='lat' dir='ltr'>nec</span> <span class='ocrx_word' id='word_1_189' title='bbox 1659 1761 1783 1804; x_wconf 80' lang='lat' dir='ltr'>modo</span> <span class='ocrx_word' id='word_1_190' title='bbox 1833 1760 1938 1806; x_wconf 76' lang='lat' dir='ltr'>suffi-</span> 
     </span>
     <span class='ocr_line' id='line_1_23' title="bbox 513 1818 1938 1879; baseline 0.006 -19"><span class='ocrx_word' id='word_1_191' title='bbox 513 1818 602 1862; x_wconf 79' lang='lat' dir='ltr'>cienti.</span> <span class='ocrx_word' id='word_1_192' title='bbox 643 1825 901 1867; x_wconf 89' lang='lat' dir='ltr'>Collationem</span> <span class='ocrx_word' id='word_1_193' title='bbox 939 1827 1218 1867; x_wconf 84' lang='lat' dir='ltr'>accuratiorem</span> <span class='ocrx_word' id='word_1_194' title='bbox 1266 1824 1439 1879; x_wconf 89' lang='lat' dir='ltr'>Lagarde</span> <span class='ocrx_word' id='word_1_195' title='bbox 1480 1825 1676 1867; x_wconf 70' lang='lat' dir='ltr'>instituitt-</span> <span class='ocrx_word' id='word_1_196' title='bbox 1724 1825 1790 1866; x_wconf 75' lang='lat' dir='ltr'>Cf..</span> <span class='ocrx_word' id='word_1_197' title='bbox 1823 1826 1938 1873; x_wconf 80' lang='lat' dir='ltr'>Lam-</span> 
     </span>
     <span class='ocr_line' id='line_1_24' title="bbox 511 1879 1937 1944; baseline 0.008 -23"><span class='ocrx_word' id='word_1_198' title='bbox 511 1879 726 1942; x_wconf 82' lang='lat' dir='ltr'>beck-Kollar,</span> <span class='ocrx_word' id='word_1_199' title='bbox 764 1890 1039 1933; x_wconf 89' lang='lat' dir='ltr'>Commentar.</span> <span class='ocrx_word' id='word_1_200' title='bbox 1069 1891 1117 1932; x_wconf 92' lang='lat' dir='ltr'>de</span> <span class='ocrx_word' id='word_1_201' title='bbox 1147 1905 1235 1944; x_wconf 87' lang='lat' dir='ltr'>aug.</span> <span class='ocrx_word' id='word_1_202' title='bbox 1272 1890 1452 1931; x_wconf 88' lang='lat' dir='ltr'>Biblioth.</span> <span class='ocrx_word' id='word_1_203' title='bbox 1489 1890 1601 1932; x_wconf 87' lang='lat' dir='ltr'>Caes.</span> <span class='ocrx_word' id='word_1_204' title='bbox 1632 1888 1804 1932; x_wconf 82' lang='lat' dir='ltr'>vindob.</span> <span class='ocrx_word' id='word_1_205' title='bbox 1832 1888 1937 1940; x_wconf 83' lang='lat' dir='ltr'>VIII,</span> 
     </span>
    </p>
   </div>
   <div class='ocr_carea' id='block_1_3' title="bbox 511 1958 1935 2063">
    <p class='ocr_par' dir='ltr' id='par_1_3' title="bbox 511 1958 1935 2063">
     <span class='ocr_line' id='line_1_25' title="bbox 511 1958 1935 2063; baseline 0.001 -16"><span class='ocrx_word' id='word_1_206' title='bbox 511 1958 566 1997; x_wconf 62' lang='lat'>952</span> <span class='ocrx_word' id='word_1_207' title='bbox 586 1965 639 2049; x_wconf 54' lang='lat' dir='ltr'>lis</span> <span class='ocrx_word' id='word_1_208' title='bbox 644 1959 909 2051; x_wconf 55' lang='lat' dir='ltr'>8ilindobon</span> <span class='ocrx_word' id='word_1_209' title='bbox 924 2011 1052 2051; x_wconf 88' lang='lat' dir='ltr'>ensis</span> <span class='ocrx_word' id='word_1_210' title='bbox 1087 2010 1174 2051; x_wconf 87' lang='lat' dir='ltr'>hist.</span> <span class='ocrx_word' id='word_1_211' title='bbox 1203 2024 1331 2063; x_wconf 86' lang='lat' dir='ltr'>graec.</span> <span class='ocrx_word' id='word_1_212' title='bbox 1367 2012 1438 2063; x_wconf 86' lang='lat'>64,</span> <span class='ocrx_word' id='word_1_213' title='bbox 1475 2008 1570 2050; x_wconf 88' lang='lat' dir='ltr'>olim</span> <span class='ocrx_word' id='word_1_214' title='bbox 1605 2022 1671 2063; x_wconf 88' lang='lat'>47,</span> <span class='ocrx_word' id='word_1_215' title='bbox 1706 2003 1935 2063; x_wconf 58' lang='lat' dir='ltr'>in&#39;quarto‚</span> 
     </span>
    </p>
   </div>
   <div class='ocr_carea' id='block_1_4' title="bbox 457 2065 1942 2845">
    <p class='ocr_par' dir='ltr' id='par_1_4' title="bbox 457 2065 1942 2845">
     <span class='ocr_line' id='line_1_26' title="bbox 509 2065 1937 2128; baseline 0.001 -15"><span class='ocrx_word' id='word_1_216' title='bbox 509 2065 682 2125; x_wconf 69' lang='lat' dir='ltr'>Clurlaceus,</span> <span class='ocrx_word' id='word_1_217' title='bbox 701 2074 771 2116; x_wconf 83' lang='lat' dir='ltr'>fol.</span> <span class='ocrx_word' id='word_1_218' title='bbox 792 2087 880 2127; x_wconf 81' lang='lat'>153,</span> <span class='ocrx_word' id='word_1_219' title='bbox 900 2088 1002 2116; x_wconf 85' lang='lat' dir='ltr'>saec.</span> <span class='ocrx_word' id='word_1_220' title='bbox 1015 2074 1124 2125; x_wconf 91' lang='lat' dir='ltr'>XVI,</span> <span class='ocrx_word' id='word_1_221' title='bbox 1148 2074 1242 2115; x_wconf 88' lang='lat' dir='ltr'>olim</span> <span class='ocrx_word' id='word_1_222' title='bbox 1263 2073 1720 2128; x_wconf 85' lang='lat' dir='ltr'>SebastianiTengnagel</span> <span class='ocrx_word' id='word_1_223' title='bbox 1736 2073 1784 2127; x_wconf 88' lang='lat'>(†</span> <span class='ocrx_word' id='word_1_224' title='bbox 1799 2073 1937 2128; x_wconf 83' lang='lat'>1636),</span> 
     </span>
     <span class='ocr_line' id='line_1_27' title="bbox 509 2134 1935 2194; baseline 0.001 -17"><span class='ocrx_word' id='word_1_225' title='bbox 509 2137 536 2171; x_wconf 70' lang='lat'>¹11</span> <span class='ocrx_word' id='word_1_226' title='bbox 559 2134 664 2180; x_wconf 83' lang='lat' dir='ltr'>folium</span> <span class='ocrx_word' id='word_1_227' title='bbox 706 2140 878 2194; x_wconf 86' lang='lat' dir='ltr'>primum</span> <span class='ocrx_word' id='word_1_228' title='bbox 931 2147 1104 2181; x_wconf 87' lang='lat' dir='ltr'>testatur.</span> <span class='ocrx_word' id='word_1_229' title='bbox 1162 2140 1479 2181; x_wconf 90' lang='lat' dir='ltr'>Constitutiones</span> <span class='ocrx_word' id='word_1_230' title='bbox 1516 2146 1641 2192; x_wconf 87' lang='lat' dir='ltr'>apost.</span> <span class='ocrx_word' id='word_1_231' title='bbox 1680 2145 1830 2179; x_wconf 87' lang='lat' dir='ltr'>exstant</span> <span class='ocrx_word' id='word_1_232' title='bbox 1869 2137 1935 2185; x_wconf 80' lang='lat' dir='ltr'>fol.</span> 
     </span>
     <span class='ocr_line' id='line_1_28' title="bbox 509 2203 1938 2260; baseline 0 -17"><span class='ocrx_word' id='word_1_233' title='bbox 509 2206 626 2257; x_wconf 74' lang='lat'>1-124</span> <span class='ocrx_word' id='word_1_234' title='bbox 675 2205 760 2247; x_wconf 84' lang='lat' dir='ltr'>Pol.</span> <span class='ocrx_word' id='word_1_235' title='bbox 797 2217 1004 2258; x_wconf 82' lang='lat'><em>125--153</em></span> <span class='ocrx_word' id='word_1_236' title='bbox 1036 2205 1209 2260; x_wconf 91' lang='lat' dir='ltr'>sequitur</span> <span class='ocrx_word' id='word_1_237' title='bbox 1238 2204 1389 2246; x_wconf 89' lang='lat' dir='ltr'>Nicolai</span> <span class='ocrx_word' id='word_1_238' title='bbox 1419 2205 1633 2258; x_wconf 86' lang='lat' dir='ltr'>Doxapatri</span> <span class='ocrx_word' id='word_1_239' title='bbox 1660 2203 1802 2244; x_wconf 89' lang='lat' dir='ltr'>notarii</span> <span class='ocrx_word' id='word_1_240' title='bbox 1830 2203 1938 2244; x_wconf 89' lang='lat' dir='ltr'>Con-</span> 
     </span>
     <span class='ocr_line' id='line_1_29' title="bbox 504 2267 1938 2324; baseline -0.001 -15"><span class='ocrx_word' id='word_1_241' title='bbox 504 2268 787 2324; x_wconf 73' lang='lat' dir='ltr'>staminopolitani</span> <span class='ocrx_word' id='word_1_242' title='bbox 808 2271 1013 2324; x_wconf 85' lang='lat' dir='ltr'>Expositio</span> <span class='ocrx_word' id='word_1_243' title='bbox 1043 2271 1083 2311; x_wconf 91' lang='lat' dir='ltr'>in</span> <span class='ocrx_word' id='word_1_244' title='bbox 1111 2270 1150 2311; x_wconf 88' lang='lat' dir='ltr'>S.</span> <span class='ocrx_word' id='word_1_245' title='bbox 1173 2270 1356 2323; x_wconf 83' lang='lat' dir='ltr'>Gregorii</span> <span class='ocrx_word' id='word_1_246' title='bbox 1376 2270 1471 2310; x_wconf 83' lang='lat' dir='ltr'>Naz.</span> <span class='ocrx_word' id='word_1_247' title='bbox 1491 2268 1735 2310; x_wconf 85' lang='lat' dir='ltr'>Tetrasticha</span> <span class='ocrx_word' id='word_1_248' title='bbox 1764 2267 1938 2309; x_wconf 89' lang='lat' dir='ltr'>iambica.</span> 
     </span>
     <span class='ocr_line' id='line_1_30' title="bbox 502 2325 1941 2390; baseline -0.003 -14"><span class='ocrx_word' id='word_1_249' title='bbox 502 2325 766 2378; x_wconf 81' lang='lat' dir='ltr'>Constitutiones</span> <span class='ocrx_word' id='word_1_250' title='bbox 795 2336 988 2390; x_wconf 90' lang='lat' dir='ltr'>principio</span> <span class='ocrx_word' id='word_1_251' title='bbox 1010 2342 1049 2376; x_wconf 92' lang='lat' dir='ltr'>et</span> <span class='ocrx_word' id='word_1_252' title='bbox 1068 2334 1147 2376; x_wconf 89' lang='lat' dir='ltr'>fine</span> <span class='ocrx_word' id='word_1_253' title='bbox 1167 2334 1325 2376; x_wconf 86' lang='lat' dir='ltr'>mutilae</span> <span class='ocrx_word' id='word_1_254' title='bbox 1354 2342 1456 2375; x_wconf 88' lang='lat' dir='ltr'>sunt.</span> <span class='ocrx_word' id='word_1_255' title='bbox 1504 2333 1586 2374; x_wconf 86' lang='lat' dir='ltr'>Fol.</span> <span class='ocrx_word' id='word_1_256' title='bbox 1612 2345 1739 2373; x_wconf 88' lang='lat'>1—10</span> <span class='ocrx_word' id='word_1_257' title='bbox 1759 2333 1941 2385; x_wconf 87' lang='lat' dir='ltr'>leguntur</span> 
     </span>
     <span class='ocr_line' id='line_1_31' title="bbox 496 2393 1939 2455; baseline -0.002 -16"><span class='ocrx_word' id='word_1_258' title='bbox 496 2393 561 2439; x_wconf 81' lang='lat' dir='ltr'>tituli</span> <span class='ocrx_word' id='word_1_259' title='bbox 593 2402 757 2455; x_wconf 84' lang='lat' dir='ltr'>capitum</span> <span class='ocrx_word' id='word_1_260' title='bbox 797 2415 842 2442; x_wconf 91' lang='lat' dir='ltr'>ac</span> <span class='ocrx_word' id='word_1_261' title='bbox 884 2400 1071 2442; x_wconf 88' lang='lat' dir='ltr'>librorum</span> <span class='ocrx_word' id='word_1_262' title='bbox 1108 2408 1147 2441; x_wconf 91' lang='lat' dir='ltr'>et</span> <span class='ocrx_word' id='word_1_263' title='bbox 1183 2400 1329 2441; x_wconf 86' lang='lat' dir='ltr'>scholia</span> <span class='ocrx_word' id='word_1_264' title='bbox 1370 2397 1460 2439; x_wconf 90' lang='lat' dir='ltr'>inde</span> <span class='ocrx_word' id='word_1_265' title='bbox 1489 2397 1535 2439; x_wconf 89' lang='lat' dir='ltr'>ab</span> <span class='ocrx_word' id='word_1_266' title='bbox 1563 2397 1611 2448; x_wconf 91' lang='grc' dir='ltr'>ΙΙ,</span> <span class='ocrx_word' id='word_1_267' title='bbox 1646 2410 1693 2450; x_wconf 89' lang='lat'>14</span> <span class='ocrx_word' id='word_1_268' title='bbox 1733 2410 1856 2450; x_wconf 87' lang='lat' dir='ltr'>usque</span> <span class='ocrx_word' id='word_1_269' title='bbox 1891 2395 1939 2436; x_wconf 89' lang='lat' dir='ltr'>ad</span> 
     </span>
     <span class='ocr_line' id='line_1_32' title="bbox 494 2457 1941 2519; baseline -0.003 -15"><span class='ocrx_word' id='word_1_270' title='bbox 494 2457 562 2515; x_wconf 85' lang='lat' dir='ltr'>Vm,</span> <span class='ocrx_word' id='word_1_271' title='bbox 586 2468 646 2519; x_wconf 86' lang='lat'>46.</span> <span class='ocrx_word' id='word_1_272' title='bbox 702 2465 857 2507; x_wconf 80' lang='lat' dir='ltr'>Textus</span> <span class='ocrx_word' id='word_1_273' title='bbox 886 2465 1022 2519; x_wconf 87' lang='lat' dir='ltr'>incipit</span> <span class='ocrx_word' id='word_1_274' title='bbox 1051 2464 1117 2506; x_wconf 84' lang='lat' dir='ltr'>fol.</span> <span class='ocrx_word' id='word_1_275' title='bbox 1153 2478 1196 2506; x_wconf 92' lang='lat'>11</span> <span class='ocrx_word' id='word_1_276' title='bbox 1228 2464 1355 2506; x_wconf 89' lang='lat' dir='ltr'>verbis</span> <span class='ocrx_word' id='word_1_277' title='bbox 1390 2463 1467 2516; x_wconf 74' lang='grc' dir='ltr'>τὴν</span> <span class='ocrx_word' id='word_1_278' title='bbox 1500 2470 1671 2516; x_wconf 81' lang='grc' dir='ltr'><strong><em>γυναῖκα</em></strong></span> <span class='ocrx_word' id='word_1_279' title='bbox 1705 2460 1758 2514; x_wconf 81' lang='grc' dir='ltr'>μὴ</span> <span class='ocrx_word' id='word_1_280' title='bbox 1793 2459 1941 2514; x_wconf 56' lang='lat' dir='ltr'>&amp;mq-</span> 
     </span>
     <span class='ocr_line' id='line_1_33' title="bbox 483 2525 1942 2585; baseline -0.004 -13"><span class='ocrx_word' id='word_1_281' title='bbox 483 2534 598 2578; x_wconf 72' lang='grc' dir='ltr'><strong><em>φανῶν</em></strong></span> <span class='ocrx_word' id='word_1_282' title='bbox 622 2533 720 2585; x_wconf 76' lang='grc' dir='ltr'>μηδὲ</span> <span class='ocrx_word' id='word_1_283' title='bbox 751 2527 1110 2583; x_wconf 79' lang='grc' dir='ltr'><strong><em>ἀλαζονευόμενος,</em></strong></span> <span class='ocrx_word' id='word_1_284' title='bbox 1140 2528 1226 2571; x_wconf 76' lang='grc' dir='ltr'>ἄλλ’</span> <span class='ocrx_word' id='word_1_285' title='bbox 1258 2527 1532 2581; x_wconf 80' lang='grc' dir='ltr'><strong><em>εὕσπλαγχνος</em></strong></span> <span class='ocrx_word' id='word_1_286' title='bbox 1560 2528 1590 2577; x_wconf 91' lang='grc' dir='ltr'>Ι,</span> <span class='ocrx_word' id='word_1_287' title='bbox 1613 2540 1649 2580; x_wconf 84' lang='lat'>3,</span> <span class='ocrx_word' id='word_1_288' title='bbox 1671 2539 1693 2566; x_wconf 90' lang='lat'><strong>2</strong></span> <span class='ocrx_word' id='word_1_289' title='bbox 1724 2540 1766 2567; x_wconf 93' lang='lat' dir='ltr'>ac</span> <span class='ocrx_word' id='word_1_290' title='bbox 1801 2525 1942 2567; x_wconf 86' lang='lat' dir='ltr'>desinit</span> 
     </span>
     <span class='ocr_line' id='line_1_34' title="bbox 480 2591 1942 2649; baseline -0.005 -11"><span class='ocrx_word' id='word_1_291' title='bbox 480 2592 558 2646; x_wconf 83' lang='lat' dir='ltr'>Vm,</span> <span class='ocrx_word' id='word_1_292' title='bbox 591 2599 666 2649; x_wconf 89' lang='lat'>46,</span> <span class='ocrx_word' id='word_1_293' title='bbox 704 2594 975 2638; x_wconf 87' lang='lat' dir='ltr'>deficientibus</span> <span class='ocrx_word' id='word_1_294' title='bbox 1013 2594 1242 2637; x_wconf 89' lang='lat' dir='ltr'>Canonibus</span> <span class='ocrx_word' id='word_1_295' title='bbox 1277 2593 1512 2648; x_wconf 89' lang='lat' dir='ltr'>apostolicis.</span> <span class='ocrx_word' id='word_1_296' title='bbox 1569 2591 1682 2633; x_wconf 91' lang='lat' dir='ltr'>Liber</span> <span class='ocrx_word' id='word_1_297' title='bbox 1718 2591 1866 2644; x_wconf 87' lang='lat' dir='ltr'>primus</span> <span class='ocrx_word' id='word_1_298' title='bbox 1904 2598 1942 2632; x_wconf 94' lang='lat' dir='ltr'>et</span> 
     </span>
     <span class='ocr_line' id='line_1_35' title="bbox 468 2656 1941 2715; baseline -0.004 -13"><span class='ocrx_word' id='word_1_299' title='bbox 468 2660 604 2704; x_wconf 82' lang='lat' dir='ltr'>initium</span> <span class='ocrx_word' id='word_1_300' title='bbox 624 2661 707 2703; x_wconf 92' lang='lat' dir='ltr'>libri</span> <span class='ocrx_word' id='word_1_301' title='bbox 726 2661 890 2703; x_wconf 87' lang='lat' dir='ltr'>secundi</span> <span class='ocrx_word' id='word_1_302' title='bbox 911 2661 1119 2715; x_wconf 88' lang='lat' dir='ltr'>partitione</span> <span class='ocrx_word' id='word_1_303' title='bbox 1140 2667 1179 2701; x_wconf 89' lang='lat' dir='ltr'>et</span> <span class='ocrx_word' id='word_1_304' title='bbox 1198 2658 1520 2714; x_wconf 89' lang='lat' dir='ltr'>inscriptionibus</span> <span class='ocrx_word' id='word_1_305' title='bbox 1539 2664 1682 2698; x_wconf 89' lang='lat' dir='ltr'>carent.</span> <span class='ocrx_word' id='word_1_306' title='bbox 1718 2656 1941 2710; x_wconf 87' lang='lat' dir='ltr'>Inscriptio-</span> 
     </span>
     <span class='ocr_line' id='line_1_36' title="bbox 461 2720 1940 2780; baseline -0.004 -13"><span class='ocrx_word' id='word_1_307' title='bbox 461 2740 525 2767; x_wconf 59' lang='grc' dir='ltr'>ηδ</span> <span class='ocrx_word' id='word_1_308' title='bbox 552 2726 740 2780; x_wconf 90' lang='lat' dir='ltr'>incipiunt</span> <span class='ocrx_word' id='word_1_309' title='bbox 768 2726 824 2776; x_wconf 91' lang='lat'>11,</span> <span class='ocrx_word' id='word_1_310' title='bbox 870 2739 936 2780; x_wconf 91' lang='lat'>14,</span> <span class='ocrx_word' id='word_1_311' title='bbox 973 2726 1127 2767; x_wconf 91' lang='lat' dir='ltr'>numeri</span> <span class='ocrx_word' id='word_1_312' title='bbox 1163 2725 1331 2778; x_wconf 89' lang='lat' dir='ltr'>capitum</span> <span class='ocrx_word' id='word_1_313' title='bbox 1369 2723 1422 2773; x_wconf 92' lang='lat'>11,</span> <span class='ocrx_word' id='word_1_314' title='bbox 1457 2735 1516 2775; x_wconf 85' lang='lat'>15.</span> <span class='ocrx_word' id='word_1_315' title='bbox 1573 2721 1669 2763; x_wconf 91' lang='lat' dir='ltr'>Inde</span> <span class='ocrx_word' id='word_1_316' title='bbox 1705 2736 1726 2762; x_wconf 92' lang='lat' dir='ltr'>a</span> <span class='ocrx_word' id='word_1_317' title='bbox 1763 2720 1859 2763; x_wconf 87' lang='lat' dir='ltr'>folio</span> <span class='ocrx_word' id='word_1_318' title='bbox 1889 2722 1940 2773; x_wconf 90' lang='grc'>76</span> 
     </span>
     <span class='ocr_line' id='line_1_37' title="bbox 457 2788 1940 2845; baseline -0.005 -12"><span class='ocrx_word' id='word_1_319' title='bbox 457 2804 592 2832; x_wconf 87' lang='lat' dir='ltr'>manus</span> <span class='ocrx_word' id='word_1_320' title='bbox 619 2790 792 2833; x_wconf 89' lang='lat' dir='ltr'>secunda</span> <span class='ocrx_word' id='word_1_321' title='bbox 821 2791 991 2845; x_wconf 85' lang='lat' dir='ltr'>scripsit3</span> <span class='ocrx_word' id='word_1_322' title='bbox 1023 2792 1147 2845; x_wconf 88' lang='lat' dir='ltr'>prima</span> <span class='ocrx_word' id='word_1_323' title='bbox 1181 2796 1313 2831; x_wconf 83' lang='lat' dir='ltr'>autem</span> <span class='ocrx_word' id='word_1_324' title='bbox 1351 2789 1389 2829; x_wconf 92' lang='lat' dir='ltr'>in</span> <span class='ocrx_word' id='word_1_325' title='bbox 1427 2788 1497 2829; x_wconf 86' lang='lat' dir='ltr'>hac</span> <span class='ocrx_word' id='word_1_326' title='bbox 1536 2794 1643 2841; x_wconf 85' lang='lat' dir='ltr'>parte</span> <span class='ocrx_word' id='word_1_327' title='bbox 1677 2793 1940 2827; x_wconf 88' lang='lat' dir='ltr'>correctorem</span> 
     </span>
    </p>
   </div>
   <div class='ocr_carea' id='block_1_5' title="bbox 453 2848 1944 2962">
    <p class='ocr_par' dir='ltr' id='par_1_5' title="bbox 453 2848 1944 2962">
     <span class='ocr_line' id='line_1_38' title="bbox 453 2848 1944 2911; baseline -0.005 -13"><span class='ocrx_word' id='word_1_328' title='bbox 453 2857 546 2911; x_wconf 85' lang='lat' dir='ltr'>egit.</span> <span class='ocrx_word' id='word_1_329' title='bbox 601 2856 662 2898; x_wconf 89' lang='lat' dir='ltr'>De</span> <span class='ocrx_word' id='word_1_330' title='bbox 697 2855 971 2898; x_wconf 85' lang='lat' dir='ltr'>collationibus</span> <span class='ocrx_word' id='word_1_331' title='bbox 1008 2855 1201 2909; x_wconf 86' lang='lat' dir='ltr'>prioribus</span> <span class='ocrx_word' id='word_1_332' title='bbox 1235 2853 1339 2895; x_wconf 90' lang='lat' dir='ltr'>idem</span> <span class='ocrx_word' id='word_1_333' title='bbox 1380 2851 1587 2893; x_wconf 89' lang='lat' dir='ltr'>dicendum</span> <span class='ocrx_word' id='word_1_334' title='bbox 1630 2859 1709 2900; x_wconf 87' lang='lat' dir='ltr'>est,</span> <span class='ocrx_word' id='word_1_335' title='bbox 1749 2848 1856 2904; x_wconf 91' lang='lat' dir='ltr'>quod</span> <span class='ocrx_word' id='word_1_336' title='bbox 1893 2848 1944 2891; x_wconf 90' lang='lat' dir='ltr'>de</span> 
     </span>
     <span class='ocr_line' id='line_1_39' title="bbox 514 2913 1813 2962; baseline -0.008 -6"><span class='ocrx_word' id='word_1_337' title='bbox 514 2921 636 2962; x_wconf 74' lang='lat' dir='ltr'>F&#39;un,</span> <span class='ocrx_word' id='word_1_338' title='bbox 657 2923 789 2956; x_wconf 64' lang='lat' dir='ltr'>Dmaac.</span> <span class='ocrx_word' id='word_1_339' title='bbox 812 2932 852 2956; x_wconf 76' lang='grc' dir='ltr'>ετ</span> <span class='ocrx_word' id='word_1_340' title='bbox 873 2922 1024 2956; x_wconf 68' lang='lat' dir='ltr'>Cous-m.</span> <span class='ocrx_word' id='word_1_341' title='bbox 1046 2931 1099 2954; x_wconf 72' lang='grc' dir='ltr'>ΑΡ.</span> <span class='ocrx_word' id='word_1_342' title='bbox 1143 2921 1167 2955; x_wconf 87' lang='lat'>1.</span> <span class='ocrx_word' id='word_1_343' title='bbox 1771 2913 1813 2946; x_wconf 87' lang='lat'>111</span> 
     </span>
    </p>
   </div>
   <div class='ocr_carea' id='block_1_6' title="bbox 525 3023 707 3031">
    <p class='ocr_par' dir='ltr' id='par_1_6' title="bbox 525 3023 707 3031">
     <span class='ocr_line' id='line_1_40' title="bbox 525 3023 707 3031; baseline 0.011 -3"><span class='ocrx_word' id='word_1_344' title='bbox 525 3023 548 3028; x_wconf 93' lang='lat'>..-</span> <span class='ocrx_word' id='word_1_345' title='bbox 559 3023 604 3030; x_wconf 76' lang='lat'><em>-</em></span> <span class='ocrx_word' id='word_1_346' title='bbox 614 3024 707 3031; x_wconf 73' lang='lat'><em>-.—--</em></span> 
     </span>
    </p>
   </div>
   <div class='ocr_carea' id='block_1_7' title="bbox 678 3079 813 3106">
    <p class='ocr_par' dir='ltr' id='par_1_7' title="bbox 678 3079 813 3106">
     <span class='ocr_line' id='line_1_41' title="bbox 678 3079 813 3106; baseline -0.015 0"><span class='ocrx_word' id='word_1_347' title='bbox 678 3079 813 3106; x_wconf 60' lang='lat' dir='ltr'>--v—</span> 
     </span>
    </p>
   </div>
  </div>
 </body>
</html>
