2457 3436
901 278 1104 309 Eccznsun
1132 278 1399 309 mormacaa.
1820 269 1897 307 105

403 374 635 428 dignitatem
674 373 960 429 presbyteratus
998 373 1248 416 confessione
1287 389 1357 416 sua
1395 373 1520 416 habet.
1580 386 1615 415 2.
1657 374 1725 415 Sin
1763 382 1894 416 autem

404 440 614 494 episcopus
633 438 931 481 constituendus
952 446 1022 489 est,
1051 453 1190 481 manus
1211 440 1246 480 ei
1265 440 1501 494 imponatur.
1553 452 1587 492 3.
1618 439 1775 489 Quodsi
1801 453 1896 481 con-

403 503 532 546 fessor
561 511 632 555 est,
661 518 779 559 quem
808 518 891 545 non
911 502 960 545 ad
979 511 1214 558 potestatem
1236 503 1428 546 duxerunt
1454 518 1581 558 neque
1600 503 1764 546 vinculis
1784 506 1894 558 puni-

404 576 519 611 erunt
548 583 676 624 neque
704 569 743 610 in
775 583 970 611 carcerem
1000 570 1173 610 iecerunt
1201 583 1330 625 neque
1354 568 1401 610 ad
1423 568 1583 610 multam
1605 568 1770 623 aliquam
1801 583 1895 610 con-

404 633 701 685 demnaverunt,
736 634 806 675 sed
839 635 1048 675 occasione
1085 633 1170 676 data
1205 634 1329 675 modo
1358 641 1519 688 propter
1548 648 1698 675 nomen
1727 634 1894 675 Domini
1940 641 1964 672 5

403 700 531 741 nostri
551 698 800 741 contumeliis
820 698 1033 741 affecerunt
1053 707 1091 741 et
1111 713 1240 753 poena
1260 699 1475 741 domestica
1496 699 1719 753 punierunt,
1747 699 1779 740 si
1799 713 1894 740 vero
1964 706 1970 712 '

408 762 613 806 confessus
641 771 712 814 est,
742 763 882 818 dignus
913 771 971 806 est
999 765 1111 805 omni
1140 764 1246 805 clero
1276 772 1314 806 et
1343 764 1557 806 ordinetur.
1612 778 1649 817 4.
1680 764 1895 818 Episcopus

403 835 537 871 autem
566 830 707 883 gratias
736 837 825 883 agat
854 828 1070 871 secundum
1102 843 1158 880 ea,
1193 843 1291 883 quae
1326 843 1440 884 supra
1469 828 1649 870 diximus.
1706 831 1893 870 Attamen

346 918 351 921 -
405 907 489 935 nou
519 907 680 935 necesse
710 901 768 936 est
797 894 935 936 eadem
965 894 1081 936 verba
1110 908 1199 936 eum
1227 893 1415 948 proferre,
1444 907 1542 948 quae
1571 907 1684 946 supra
1713 893 1894 943 diximus,

405 967 447 1000 ut
474 957 682 1012 diligenter
711 959 920 1001 meditetur
948 959 988 1001 in
1018 960 1086 1009 eis,
1115 960 1255 1013 gratias
1284 973 1404 1013 agens
1432 959 1544 1009 Deo3
1578 958 1648 1000 sed
1676 957 1894 1000 secundum

405 1021 625 1064 facultatem
655 1025 920 1079 unusquisque
941 1031 1040 1066 oret.
1089 1024 1129 1065 Si
1157 1023 1315 1079 quidem
1347 1024 1628 1066 convenienter
1657 1030 1696 1065 et
1716 1024 1895 1064 oratione

360 1126 364 1131 .
406 1087 626 1130 honorabili
656 1102 766 1129 orare
796 1095 940 1143 potest,
975 1087 1125 1130 bonum
1155 1097 1230 1140 est;
1267 1090 1299 1130 si
1333 1103 1429 1131 vero
1463 1089 1572 1131 aliter
1601 1096 1685 1131 orat
1714 1096 1752 1130 et
1781 1089 1895 1129 orati-

405 1166 527 1194 onem
556 1152 712 1195 modice
741 1152 901 1208 profert,
939 1167 1060 1195 nemo
1097 1168 1188 1195 eum
1224 1153 1428 1208 impediam
1470 1154 1594 1196 modo
1629 1155 1781 1208 integre
1810 1160 1897 1194 oret

406 1218 444 1258 in
476 1218 723 1260 orthodoxia.

1921 967 1966 997 10

884 1295 921 1336 V
951 1294 1111 1350 (xxxv).
1140 1297 1201 1338 De
1228 1297 1413 1338 lectore.
1923 1303 1965 1333 ις»

510 1369 654 1411 Lector
674 1371 931 1412 constituatur
952 1371 1140 1426 episcopo
1170 1370 1309 1412 librum
1330 1371 1498 1426 apostoli
1520 1371 1555 1413 ei
1575 1371 1712 1421 dante;
1744 1378 1782 1413 et
1810 1379 1896 1412 oret

405 1448 523 1489 super
553 1448 657 1485 eum,
688 1449 849 1476 manum
877 1443 1008 1478 autem
1039 1436 1075 1477 ei
1104 1449 1187 1477 non
1216 1437 1404 1489 imponat.

812 1543 869 1585 VI
898 1543 1071 1599 (xxxvt).
1102 1546 1161 1587 De
1190 1546 1490 1587 subdiaconis.

515 1618 764 1662 Subdiacono
784 1634 923 1662 manus
943 1634 1026 1662 non
1047 1621 1283 1675 imponatur,
1304 1619 1373 1661 sed
1394 1621 1633 1670 nominetur,
1654 1627 1696 1661 ut
1716 1627 1897 1673 sequatur

407 1683 609 1725 diaconos.
1920 1692 1968 1724 20

869 1749 944 1791 VII
973 1748 1161 1804 (xxxvu).
1192 1752 1253 1792 De
1280 1751 1444 1793 viduis.

520 1838 552 1865 1.
574 1824 614 1865 Si
634 1825 748 1867 vidua
768 1826 1028 1876 constituitur,
1048 1839 1131 1867 non
1152 1825 1366 1876 ordinetur,
1386 1825 1454 1867 sed
1470 1826 1704 1867 nominatim
1722 1825 1894 1877 eligatur.

408 1900 444 1930 2.
475 1888 634 1939 Quodsi
664 1891 823 1932 maritus
853 1890 978 1932 multo
1006 1897 1188 1945 tempore
1207 1897 1296 1932 ante
1317 1898 1495 1932 mortuus
1525 1897 1596 1940 est,
1626 1891 1895 1932 constituatur.

409 1966 446 2007 3.
476 1953 547 1995 Sin
576 1962 706 1996 autem
727 1968 810 1996 non
831 1954 996 1996 multum
1020 1962 1176 2009 tempus
1196 1954 1471 2009 praeterfluxit,
1498 1962 1706 2009 postquam
1736 1956 1897 1996 maritus

408 2026 589 2061 mortuus
618 2027 689 2070 est,
718 2034 769 2061 ne
799 2019 974 2061 confidas
1004 2021 1051 2062 ei.
1105 2035 1142 2074 4.
1173 2019 1249 2061 Sed
1279 2021 1431 2061 etiamsi
1458 2027 1583 2062 aetate
1611 2028 1796 2075 provecta
1825 2028 1896 2070 est,

405 2091 589 2139 tempore
617 2084 824 2138 probetur3
854 2099 968 2140 saepe
999 2086 1103 2126 enim
1135 2085 1445 2140 perturbationes
1474 2086 1580 2139 ipsae
1610 2093 1897 2127 consenescunt

407 2162 497 2190 cum
518 2162 581 2200 eo,
600 2150 664 2204 qui
683 2151 738 2191 eis
756 2151 795 2192 in
815 2165 856 2192 se
874 2150 1005 2192 locum
1025 2150 1101 2192 dat.
1135 2162 1168 2203 5.
1186 2150 1312 2192 Vidua
1331 2150 1450 2192 verbo
1469 2157 1620 2192 tantum
1641 2151 1897 2191 constituatur

1920 2026 1966 2058 25

517 2261 536 2291 7
559 2257 677 2302 dignus
703 2276 742 2282 —
767 2257 855 2291 clero
879 2257 909 2291 T
934 2270 941 2291 :
965 2257 1074 2291 omnis
1097 2257 1203 2291 clerus
1227 2263 1276 2291 est
1299 2258 1346 2291 eis
1369 2258 1486 2301 dignus
1508 2257 1531 2290 S

1233 2356 1271 2389 V.
1318 2355 1472 2390 Similiter
1511 2355 1688 2398 scripturae
1725 2355 1899 2398 parallelae

1187 2415 1315 2453 praeter
1353 2409 1614 2443 Constitutiones
1661 2408 1898 2453 apostolorum,

406 2355 668 2389 Constitutiones
691 2356 917 2400 apostolorum
940 2363 1050 2390 autem
1073 2362 1120 2390 at-

408 2419 471 2453 que
501 2409 655 2454 Epitome
683 2411 803 2450 dicunt,
838 2421 906 2444 non
941 2410 1050 2444 solum
1080 2410 1121 2444 ad

408 2464 644 2508 episcopatum,
677 2464 735 2497 sed
764 2465 862 2498 etiam
887 2465 928 2498 ad
950 2464 1120 2509 presbyte-

408 2524 514 2551 ratum
524 2524 557 2551 et
570 2517 778 2552 diaconatum
791 2517 974 2552 confessori
986 2529 1119 2551 manum

408 2572 643 2616 imponendam
654 2582 738 2614 esse,
756 2578 789 2606 et
802 2573 1022 2606 condemnant
1037 2582 1118 2605 con·

408 2628 570 2660 tessorem
587 2626 748 2660 eiusmodi
760 2627 955 2671 dignitatem
970 2627 1040 2660 sine
1059 2628 1120 2660 im·

409 2680 574 2723 positione
589 2691 705 2715 manus
723 2687 944 2725 usurpantem.
969 2680 1021 2715 Cf.
1039 2691 1121 2725 quae

408 2735 449 2767 de
471 2735 536 2768 hoc
551 2734 630 2769 loco
644 2735 805 2779 disputavi
826 2736 859 2768 in
875 2735 958 2768 libro
975 2735 1043 2768 Das
1064 2735 1122 2767 Te-

407 2793 538 2822 stament
557 2801 587 2823 u.
600 2788 642 2822 H.
665 2799 742 2834 1901
759 2800 789 2833 p.
802 2787 947 2834 46-493
963 2787 1119 2830 161—63.

1187 2474 1269 2507 quae
1293 2465 1392 2497 etiam
1414 2463 1530 2497 lectori
1561 2474 1695 2496 manum
1724 2463 1899 2507 imponen-

1186 2517 1261 2551 dam
1297 2528 1371 2551 esse
1400 2518 1519 2551 dicunt.
1566 2517 1617 2551 Cf.
1649 2527 1731 2561 quae
1763 2517 1898 2561 exposui

1185 2572 1206 2605 l.
1231 2582 1259 2606 c.
1284 2583 1314 2616 p.
1341 2580 1482 2615 37-42;
1507 2572 1644 2605 80—82.

1231 2626 1287 2660 v1.
1302 2626 1458 2660 Similiter
1470 2626 1627 2659 Canones
1640 2624 1810 2669 Hippolyti
1827 2635 1854 2657 c.
1869 2635 1898 2666 7.

1187 2680 1450 2714 Constitutiones
1473 2685 1576 2724 apost.
1595 2689 1674 2712 vero
1698 2685 1731 2712 et
1746 2678 1899 2722 Epitome

1187 2745 1303 2768 manus
1316 2734 1562 2778 impositionem
1576 2733 1786 2777 praecipiunt,
1799 2733 1900 2766 etiam

1188 2788 1439 2822 Testamentum
1463 2788 1504 2823 D.
1528 2799 1560 2821 n.
1583 2788 1608 2828 1,
1631 2796 1684 2829 44.
