2457 3436
653 387 971 417 cons-mmmm
999 387 1266 417 APOSTOLORL'M
1296 388 1335 420 11.
1363 389 1416 425 28,
1441 389 1534 420 1—6.
1799 378 1874 416 109

461 483 677 525 XXVIII.
711 487 800 532 Τοῖς
825 483 880 531 εἰς
909 479 1070 537 ἀγάπην
1088 482 1180 536 ἦτοι
1200 483 1336 536 δοχὴν,
1357 482 1415 531 ὡς
1435 482 1459 524 ὁ
1483 482 1624 536 κύριος
1644 481 1874 542 ὠνόμασεν,

452 550 722 601 ωρουμένοις
755 552 893 590 καλεῖν
925 550 1213 602 πρεσβυτέρας,
1251 546 1302 603 ἣν
1337 549 1575 591 ἐπίστανται
1614 548 1654 590 οἱ
1689 547 1872 590 διάκονοι

452 614 644 667 ομένην,
679 609 810 668 αὐτὴν
842 612 1079 662 πλειστάκις
1111 615 1394 666 ,πεμπέτωσαν
1460 626 1496 655 2.
1533 612 1798 666 α’φοριζέσθω
1831 614 1874 654 δὲ

452 682 480 730 ᾗ
514 680 632 731 δοκῇ
659 679 712 721 τὸ
739 683 802 727 τοῦ
837 680 1001 731 ποιμένι
1028 677 1188 732 ἔθιμον,
1217 680 1324 731 λέγω
1343 680 1385 720 δε
1415 679 1463 721 τὸ
1491 683 1565 732 τῆς
1593 675 1786 731 ἂπαρχῆς,
1815 677 1875 736 ὡς

452 778 459 789 .
504 741 603 785 κᾶν
635 743 690 796 μὴ
726 747 837 796 ,παρῇ
863 747 915 796 τῇ
941 745 1051 796 δοχῇ,
1086 745 1143 793 εἰς
1169 743 1292 797 τιμὴν
1325 748 1432 786 θεοῦ
1458 749 1536 785 τοῦ
1570 743 1645 796 τὴν
1674 733 1875 796 ἱερατείαν

452 814 473 850 3
509 810 835 862 ἐγχειρίσαντος.
885 821 920 862 3.
951 806 1047 850 ὡσεὶ
1066 808 1143 850 δὲ“
1129 808 1278 861 εκάστῃ
1298 812 1386 850 τῶν
1403 810 1685 861 πρεσβυτίδων
1705 810 1873 857 δίδοται,

452 877 546 916 οὖν
581 874 772 916 διδόσθω
799 882 887 922 τοῖς
921 872 1130 922 διακόνοις
1167 874 1224 922 είς
1250 874 1370 926 γέρας
1400 876 1592 926 Χριστοῦ.
1650 887 1688 927 4.
1717 882 1805 921 τοῖς
1833 874 1874 915 δὲ

452 940 682 991 ῑβυτέροις,
713 936 773 987 ὥς
799 937 853 979 ἂν
880 938 1092 990 κάμνωσιν
1119 940 1211 991 περὶ
1238 937 1316 980 τὸν
1344 942 1419 990 τῆς
1447 939 1707 987 διδασκαλίας
1734 936 1874 991 λόγον,

454 1008 486 1058 ἦ
520 1006 602 1045 καὶ
629 1000 772 1053 αὐτοῖς
799 1003 1060 1057 ὥφοριςέσθω
1088 1000 1114 1057 ἡ
1140 1012 1263 1056 μοτρα
1282 1005 1338 1052 εἰς
1363 1002 1483 1057 χάριν
1510 1007 1598 1044 τῶν
1625 1007 1702 1045 τοῦ
1730 1006 1876 1056 κυρίου

453 1068 639 1118 πόλων,
677 1064 740 1110 ὧν
773 1070 843 1110 καὶ
877 1068 953 1110 τὸν
980 1068 1114 1110 τόπον
1140 1068 1420 1120 φυλάσσουσιν
1455 1065 1515 1116 ὡς
1544 1067 1767 1121 σύμβουλοι
1796 1073 1874 1118 τοῦΙ

453 1133 607 1175 κόπου
636 1136 704 1174 καὶ
732 1139 806 1187 τῆς
834 1134 1046 1187 ἐκκλησίας
1073 1134 1292 1185 στέφανος·
1332 1134 1433 1175 εἰσὶν
1460 1132 1538 1186 γὰρ
1566 1133 1780 1186 συνέδριον
1807 1136 1876 1174 καὶ

452 1197 498 1252 ἰὴ
529 1201 608 1252 τῆς
636 1198 860 1252 ἐκκλησίας.
910 1210 946 1251 5.
976 1199 1011 1240 εἰ
1038 1198 1164 1240 δὲκαὶ
1187 1194 1453 1252 ἇναγνιόστης
1479 1197 1603 1248 ἔστιν,
1633 1198 1876 1250 λαμβανέτω

475 1262 612 1311 αὐτὸς
643 1272 791 1315 μοῖραν
818 1265 917 1315 μίαν
943 1264 1000 1312 εἰς
1028 1262 1147 1316 τιμὴν
1175 1268 1266 1304 τιῦν
1292 1267 1540 1317 προφητῶν·
1579 1259 1779 1310 ὡσαύτως
1798 1265 1874 1303 -καὶ

452 1328 603 1380 ιτῳδὸς
641 1331 705 1370 καὶ
749 1328 958 1379 πυλωρός.
1017 1327 1177 1381 ἑκάστῳ
1212 1324 1289 1369 οὖν
1323 1327 1523 1380 α’ξιαίματι
1556 1327 1596 1369 οἱ
1629 1329 1763 1369 λαϊκοὶ
1796 1327 1876 1381 τὴν

452 1393 672 1446 ισῆκουσαν
704 1392 825 1448 τιμὴν
852 1394 1089 1446 νεμέτωσαν
1116 1393 1160 1434 ἐν
1194 1402 1282 1442 τοῖς
1309 1393 1455 1446 δόμασι
1484 1395 1553 1434 καὶ
1586 1398 1637 1444 τῇ
1665 1391 1770 1434 κατὰ
1797 1390 1875 1433 τὸν

453 1472 480 1497 υ
505 1458 693 1510 ἑυτροπῇ.
741 1461 778 1500 6.
807 1458 863 1511 μὴ
891 1457 1041 1513 ῥᾳδίως
1070 1459 1114 1500 δὲ
1141 1458 1436 1510 ὲνοχλείτωσαν
1468 1463 1532 1511 τῷ
1561 1456 1739 1511 ἄρχοντι,
1768 1452 1874 1508 ἀλλὰ

452 1539 463 1562 ι
490 1527 573 1563 τῶν
604 1520 822 1577 ὑπηρετῶν
856 1520 883 1564 ἃ
914 1521 1138 1573 βούλονται
1173 1522 1495 1582 σημαινέτωσαν,
1534 1521 1654 1564 τοῦτ’
1686 1522 1771 1564 ἔστι
1808 1522 1876 1563 διὰ

452 1591 486 1626 ὅν
510 1588 721 1637 διακόνων,
750 1587 856 1640 πρὸς
876 1584 948 1637 οὓς
974 1588 1105 1629 πλέον
1122 1589 1559 1642 ,παρρησιαςέσθωσαν
1591 1584 1685 1629 οὐδὲ
1707 1586 1785 1639 γὰρ
1813 1592 1876 1638 τῷ

511 1709 525 1739 1
547 1705 617 1739 Luc.
643 1715 691 1746 14„
719 1716 768 1749 ¹3-
793 1725 832 1730 ——
857 1707 877 1739 8
902 1706 916 1739 1
939 1706 1026 1740 Tim.
1054 1716 1082 1749 5,
1107 1716 1157 1749 17.

509 1805 527 1835 2
550 1803 850 1847 προαιρουμένους
878 1814 899 1837 o
930 1808 934 1842 ξ
966 1806 1093 1838 καλεῖν
1119 1808 1165 1843 >
1195 1814 1215 1848 p
1243 1815 1264 1836 v
1293 1804 1300 1847 Ι
1329 1803 1579 1847 πρεσβυτέρας
1607 1814 1614 1837 :
1645 1802 1770 1845 -τέραν
1797 1813 1818 1847 p
1846 1814 1878 1842 v,

452 1854 539 1897 ιε’ρους
555 1857 573 1889 b
592 1894 595 1896 ,
616 1852 656 1900 ἦν
679 1869 686 1889 z
711 1853 755 1897 ἃς
778 1857 798 1890 b
815 1867 836 1891 ο
854 1859 860 1898 1
882 1861 901 1891 3
927 1857 1149 1901 θλιβομένας
1170 1855 1279 1898 αὐτὰς
1302 1855 1408 1901 (αὐτὰ
1425 1858 1463 1901 o)
1485 1858 1505 1891 b
1523 1867 1545 1891 ο
1565 1859 1569 1898 ἱ
1588 1861 1610 1891 4
1634 1854 1763 1899 ἔθιμον
1785 1868 1805 1901 p
1825 1868 1845 1889 v
1869 1868 1877 1890 :

453 1909 543 1948 ⁸¹'tuor
559 1921 584 1951 a,
608 1909 762 1952 ἔθιομον
777 1912 797 1944 b
816 1921 837 1944 o
857 1913 861 1953 fl
881 1911 1017 1955 λέγέτω
1041 1910 1084 1954 δὴ
1100 1915 1152 1946 τῶ
1168 1912 1188 1946 b
1205 1923 1226 1946 o
1246 1913 1251 1954 Ι
1271 1916 1290 1947 5
1306 1915 1402 1955 παρῇ·
1419 1923 1426 1946 :
1443 1909 1539 1955 πάση
1556 1912 1576 1945 b
1592 1922 1614 1945 ο
1635 1913 1641 1953 Ι
1658 1914 1723 1946 τοῦ
1738 1923 1746 1945 :
1765 1913 1816 1944 τῶ
1832 1921 1853 1944 0
1871 1913 1875 1952 Ι

453 1959 666 2007 1ἐγχειρίσαντι
689 1965 710 1999 b
734 1976 756 1998 0
781 1969 787 2003 1
814 1962 903 2000 ὡσεὶ
925 1965 946 1999 b
969 1976 990 1999 ο
1014 1965 1041 1999 L
1071 1977 1079 2000 :
1107 1960 1196 2001 ὅσον
1218 1977 1236 1999 a
1259 1978 1279 2010 p
1303 1978 1324 2000 v
1349 1969 1353 2008 1
1381 1970 1399 2001 7
1423 1968 1571 2002 διπλοῦν
1597 1970 1641 2005 >
1665 1976 1684 1999 a
1706 1968 1712 2007 Ι
1739 1965 1846 2009 γέρας
1869 1977 1876 1998 :

453 2011 513 2055 ’ὄξίν
528 2017 544 2050 b
562 2028 582 2052 ο
600 2022 604 2060 Ι
623 2021 784 2063 Χριστοῦ
809 2030 817 2052 :
841 2022 905 2055 τοῦ
927 2032 984 2064 χρ.
1015 2030 1036 2063 p
1059 2032 1090 2061 v,
1116 2023 1206 2055 θεοῦ
1229 2021 1249 2053 b
1272 2031 1294 2054 ο
1314 2022 1359 2063 18
1381 2017 1580 2062 κάμνουσιν
1602 2029 1624 2053 o
1645 2032 1666 2052 v
1684 2021 1690 2060 Ι
1710 2022 1878 2053 διδασκα-

453 2068 491 2108 ἶᾱς
505 2081 519 2104 a
537 2073 552 2105 b
571 2074 600 2106 A
622 2085 629 2107 :
653 2074 839 2113 διακονίας
861 2084 883 2107 o
900 2085 921 2117 p
939 2085 960 2106 v
979 2076 984 2115 Ι
1005 2071 1116 2118 λόγον
1133 2077 1169 2115 -1-
1188 2077 1361 2117 διηνεκῶς
1376 2074 1395 2108 b
1411 2085 1433 2108 ο
1453 2077 1457 2117 Ι
1478 2078 1497 2109 9
1520 2076 1625 2118 διπλῆ
1648 2075 1710 2107 καὶ
1725 2077 1769 2113 >
1785 2072 1805 2107 b
1822 2083 1845 2106 ο
1869 2074 1873 2115 Ι

453 2118 524 2165 ἄφατα
543 2127 559 2159 b
573 2137 595 2161 0
608 2139 628 2160 v
647 2132 653 2168 1
673 2129 802 2171 κυρίου
826 2139 833 2160 z
855 2131 900 2171 χῦ
918 2127 939 2160 b
957 2137 979 2161 0
1000 2129 1004 2168 !
1026 2131 1068 2162 10
1090 2121 1142 2162 ὧν
1158 2140 1165 2162 :
1184 2121 1227 2163 οὗ
1242 2129 1263 2162 b
1279 2139 1300 2162 0
1320 2131 1324 2170 Ι
1345 2125 1544 2173 σύμβουλοι
1568 2140 1576 2161 :
1600 2126 1764 2170 σύνεδροι
1785 2127 1804 2160 b
1821 2137 1843 2160 o
1869 2128 1873 2171 Ι

454 2178 584 2214 letata-a
606 2181 669 2215 D:
693 2180 794 2216 ἐστὶν
816 2182 836 2215 b
859 2192 881 2215 o
904 2193 925 2226 p
948 2182 993 2225 vl
1017 2184 1057 2217 1⁶
1077 2180 1184 2226 τιμὴν
1207 2182 1517 2225 νεμέτωσαν>ὴ
1541 2180 1687 2222 οΙένε
1710 2191 1733 2215 ο
1757 2192 1764 2214 ;
1787 2185 1832 2221 >
1856 2181 1875 2214 b

466 2235 495 2272 *ἒ
510 2238 594 2271 15516
614 2239 658 2279 τῇ
682 2262 691 2270 .
715 2262 725 2270 .
750 2262 757 2269 .
781 2234 935 2279 ἐντροπῇ
960 2247 967 2269 z
991 2241 1067 2275 τοῖς
1090 2262 1098 2271 .
1122 2262 1130 2271 .
1154 2262 1163 2271 .
1187 2235 1362 2279 εὐπρεπεῖ
1381 2237 1401 2270 b
1425 2247 1446 2270 ο
1469 2235 1601 2280 (ἐνπρ.)
1627 2238 1631 2276 Ι
1660 2240 1699 2271 17
1723 2233 1782 2270 διὰ
1804 2239 1878 2270 τῶν

453 2295 472 2318 τι.
487 2299 493 2319 2
509 2287 546 2322 δι’
567 2289 705 2325 ἑαυτῶν
727 2290 748 2323 b
772 2292 817 2331 01
841 2293 880 2324 18
900 2289 1013 2324 πλέον
1035 2301 1052 2323 a
1078 2302 1086 2324 :
1109 2292 1243 2325 πλείων
1266 2291 1286 2324 b
1309 2301 1340 2332 o,
1363 2293 1475 2326 πλείω
1499 2302 1520 2335 p
1543 2303 1564 2323 v

453 2406 472 2438 π’
489 2410 552 2450 vult,
574 2410 633 2443 sed
655 2410 782 2443 tamdiu
805 2410 923 2450 solum,
946 2410 1100 2455 quamdiu
1165 2417 1319 2455 tanquam
1335 2410 1478 2455 singulas
1494 2411 1662 2455 portiones
1679 2410 1875 2454 accipientes

452 2469 483 2494 'ca
501 2473 682 2498 sermonem
706 2464 873 2498 doctrinae
895 2464 1056 2498 laborant.
1164 2465 1352 2509 adiungunt.

453 2524 470 2556 ῖ-
499 2517 531 2552 εἰ
559 2518 597 2553 δὲ
632 2519 697 2552 καὶ
730 2515 975 2562 ἄναγναῖστης]
1010 2518 1099 2562 Ergo
1206 2517 1236 2553 6.
1249 2514 1681 2563 ῦπηρετῶν..διακόνων]
1694 2519 1877 2553 Didascalia

453 2581 489 2604 zm
509 2572 667 2606 ecclesiae
690 2577 793 2613 erant,
816 2573 849 2606 in
866 2572 981 2616 quibus
996 2572 1099 2606 lector
1164 2583 1244 2617 ergo
1268 2573 1425 2607 diaconos
1448 2574 1614 2608 ministros
1637 2572 1789 2618 appellat.
1826 2573 1877 2607 si-

452 2635 459 2658 ι
483 2633 545 2660 erat
574 2627 775 2660 constitutus
797 2632 830 2659 et
851 2626 1009 2660 diaconus
1032 2626 1097 2660 lec·
1162 2627 1282 2661 militer
1303 2628 1449 2672 synodus
1466 2628 1666 2662 Sardicensis
1689 2638 1717 2662 c.
1735 2628 1766 2662 8.
1789 2627 1878 2661 Infra

453 2690 465 2712 s
481 2691 613 2714 munere
629 2680 836 2725 fimgebatur.
862 2680 1096 2714 Animadverte
1160 2680 1216 2721 111,
1243 2690 1292 2722 11,
1319 2692 1351 2723 ¹3
1374 2682 1431 2722 VI,
1457 2691 1507 2726 17,
1531 2691 1567 2724 ²3
1590 2682 1677 2723 vm,
1701 2683 1753 2722 28,
1776 2682 1797 2716 8
1819 2691 1878 2726 per

452 2744 491 2775 m,
514 2735 602 2779 quod
616 2733 804 2767 Didascalia
826 2734 941 2767 lectori
957 2733 1095 2767 eandem
1160 2734 1423 2770 Constitutorem
1463 2737 1598 2771 nomine
1632 2732 1807 2780 ὑπηρέται
1846 2740 1878 2768 et

452 2788 565 2823 ionem
589 2789 740 2832 assignat
767 2798 863 2831 quam
886 2788 1111 2832 presbyteris„
1160 2788 1247 2830 VIII,
1273 2799 1322 2830 ιο,
1348 2800 1398 2834 13,
1427 2791 1564 2824 nomine
1593 2786 1772 2834 ὑπηρεσία
1802 2789 1878 2822 sub-

452 2848 502 2876 cet
529 2842 677 2887 duplam,
707 2841 968 2876 constitutiones
996 2851 1094 2875 unam
1159 2842 1287 2877 diaconi
1317 2844 1370 2878 vel
1392 2845 1493 2878 edam
1522 2844 1637 2889 reliqui
1661 2844 1794 2878 ordines
1816 2842 1878 2875 mi-

452 2908 512 2936 um,
546 2902 723 2930 cantorem
759 2905 835 2929 vero
864 2902 896 2929 et
925 2895 1094 2929 ostiarium
1159 2907 1256 2931 nores
1279 2897 1512 2942 significantur.

1900 1082 1941 1113 10

1899 1404 1939 1435 15
