2457 3436
628 736 647 764 ὃ

670 363 744 401 126
1203 366 1423 396 nauscam
1452 366 1626 395 amru.

668 467 909 510 voluntatem
945 464 1100 518 spiritus
1135 464 1270 504 sancti.
1331 475 1365 515 3.
1405 462 1464 503 Sit
1498 462 1583 503 sine
1618 462 1781 512 macula,
1818 471 1968 514 castus,
2007 472 2147 505 sanctus

669 538 908 579 mansuetus,
938 528 1143 581 benignus,
1173 541 1256 568 non
1276 526 1464 568 sollicitus
1483 526 1532 568 de
1553 526 1677 581 aliqua
1697 541 1737 568 re
1758 527 1846 578 alia,
1879 527 2065 581 vigilans,
2093 542 2147 569 noi

669 596 818 649 argenti
855 592 1028 647 cupidus,
1065 591 1424 646 irreprehensibilis,
1460 605 1541 632 non
1577 591 1783 645 litigiosus,
1823 592 1899 633 sed
1938 594 2147 635 misericors

670 675 804 702 amans
839 672 1027 713 pauperes
1063 664 1101 698 et
1135 657 1236 698 bene
1268 657 1396 698 sciens
1430 657 1614 710 mysteria
1643 657 1738 708 Dei;
1776 671 1826 698 ne
1866 665 2045 712 appetat,
2079 673 2145 713 qua

673 726 784 766 huius
815 722 950 764 mundi
979 730 1088 773 sunt;
1117 723 1167 763 sit
1195 729 1335 771 castus,
1358 728 1521 775 paratus
1539 721 1592 762 ad
1609 736 1714 762 omne
1732 730 1821 777 opus
1842 722 2003 772 bonum,
2034 724 2146 778 quipp

673 791 733 831 cui
763 788 1021 829 ministerium
1052 788 1127 828 Dei
1156 785 1424 827 concredatur.
1480 801 1518 840 4.
1554 787 1707 827 Bonum
1740 794 1812 837 est,
1851 788 1886 828 si
1926 790 2017 829 sine
2056 802 2147 829 uxor

673 856 739 904 sit3
774 854 832 894 sin
869 854 1010 901 minus,
1045 853 1110 906 qui
1145 852 1258 892 unius
1293 851 1424 892 uxoris
1458 851 1515 892 vir
1548 850 1631 901 fuit,
1666 865 1717 893 ne
1751 850 1953 905 affligatur
1987 853 2146 895 viduitat

674 917 837 972 duplice.
888 930 922 969 5.
954 916 1011 958 Sit
1031 915 1159 958 media
1179 923 1314 958 aetate.
1364 918 1400 957 6.
1426 916 1474 957 Et
1492 916 1659 970 populus
1679 917 1887 958 universus
1908 925 2030 972 atque
2052 917 2147 959 cleru

782 1030 802 1059 5
825 1025 890 1058 Tit.
918 1035 944 1067 3,
973 1034 998 1058 1.

675 1146 814 1188 sapiens,
847 1154 954 1188 purus,
989 1149 1188 1183 mansuetus,
1223 1144 1384 1187 benignus

673 1199 815 1241 (ἐπικης
827 1214 867 1226 =
881 1195 1065 1240 ἐπιεικής),
1075 1198 1146 1230 sine
1159 1196 1382 1237 sollicitudine,

675 1253 823 1296 vigilans,
837 1263 903 1286 non
916 1262 1029 1285 amans
1042 1253 1178 1295 argenti,
1193 1252 1249 1285 sed
1262 1248 1384 1293 (ἀλλὰ)

674 1316 787 1340 amans
804 1316 993 1350 pauperum,
1011 1306 1094 1339 bene
1110 1307 1263 1349 (καλῶς)
1278 1307 1384 1338 sciens

675 1362 847 1404 scripturas
880 1357 1045 1403 (γραφή),
1079 1370 1146 1392 non
1181 1360 1384 1402 ingressurus

674 1417 706 1448 in
735 1415 909 1460 quidquam
941 1415 1002 1457 (sc.
1032 1414 1259 1457 negotiorum)
1290 1413 1384 1446 huius

674 1469 796 1508 mundi,
821 1468 948 1512 quietus
970 1463 1143 1511 (ἥσυχος),
1165 1466 1327 1511 perfectus
1350 1467 1384 1500 in

674 1524 826 1557 omnibus
855 1522 1006 1566 operibus
1035 1522 1140 1562 bonis,
1169 1528 1203 1555 ut
1225 1518 1308 1564 (ὥς)
1330 1521 1383 1566 qui

675 1578 839 1611 ordinatur
861 1577 902 1609 ad
925 1577 1073 1609 ordinem
1090 1573 1221 1618 (τάξις)
1243 1576 1305 1608 Dei
1330 1585 1382 1608 su-

675 1642 834 1675 premum.
860 1631 987 1664 Bonum
995 1628 1138 1673 (κα).ὸν)
1148 1630 1277 1673 quidem
1285 1630 1345 1672 (μὲ
1352 1631 1384 1672 ν)

674 1691 734 1725 est,
758 1696 832 1718 eum
856 1695 1033 1728 numquam
1056 1684 1208 1717 habuisse
1231 1694 1382 1725 uxorem;

673 1741 700 1773 si
716 1749 794 1772 vero
806 1738 879 1782 (δὲ)
894 1749 972 1779 non,
987 1739 1213 1782 interrogetur,
1230 1750 1271 1772 an
1287 1738 1383 1772 fuerit

674 1795 807 1827 maritus
843 1793 951 1826 uxoris
986 1793 1079 1826 unius
1109 1793 1140 1825 in
1171 1793 1383 1826 matrimonio

673 1845 821 1891 (γάμος)
839 1847 990 1880 sollemni
1007 1844 1182 1889 (σεμνόν),
1206 1853 1238 1879 et
1259 1846 1291 1879 id
1314 1847 1383 1891 qui-

673 1902 748 1935 dem
762 1902 795 1934 in
807 1901 914 1935 media
921 1902 1072 1944 (μέσως)
1085 1905 1190 1934 aetate
1197 1897 1382 1944 (ἧλικιά)“.

673 1957 765 1989 Ritus
779 1954 1020 1989 constitutionis
1034 1955 1269 1999 archiepiscopi
1282 1954 1382 1987 Alex-

673 2009 808 2050 andrini,
840 2020 937 2053 quem
960 2009 1148 2053 Denzinger
1171 2020 1201 2053 p.
1229 2018 1268 2053 39
1292 2019 1382 2042 com-

673 2065 826 2104 municat,
850 2063 1014 2096 nonnullis
1035 2063 1116 2097 locis
1134 2063 1232 2096 etiam
1252 2063 1383 2107 propius

673 2119 714 2151 ad
725 2117 944 2150 Didascaliam
957 2117 1091 2156 accedit,
1105 2127 1181 2150 cum
1192 2117 1262 2149 aliis
1274 2116 1381 2161 magis

673 2172 808 2206 differat.
832 2171 942 2205 Sectio
954 2171 1080 2215 incipit:
1094 2171 1240 2215 Eligatur
1250 2181 1269 2204 a
1281 2181 1381 2215 syno-

673 2227 717 2261 do
738 2225 921 2269 (σὺνοδος)
949 2226 1181 2269 episcoporum
1204 2230 1236 2258 et
1259 2225 1383 2268 populo

672 2282 825 2314 universo
841 2280 1018 2313 secundum
1036 2279 1239 2312 voluntatem
1254 2279 1382 2322 spiritus

673 2335 791 2375 sancti;
820 2340 893 2378 post
917 2344 1027 2366 amans
1049 2334 1176 2376 argenti
1197 2333 1317 2377 pergit:
1342 2333 1382 2366 sit

672 2391 741 2423 sine
759 2389 900 2433 querela,
916 2398 982 2420 non
999 2387 1171 2431 litigiosus,
1195 2387 1251 2420 sed
1269 2397 1382 2420 amans

672 2454 862 2487 pauperum,
875 2443 982 2475 sciens
996 2442 1170 2485 scripturas
1183 2447 1215 2473 et
1227 2442 1382 2486 mysteria

671 2495 900 2540 (μυστήριον)
919 2496 980 2529 Dei
1006 2496 1104 2536 bene;
1128 2495 1248 2528 omittit
1271 2501 1381 2528 autem

671 2551 769 2584 verba
798 2552 908 2583 bonum
935 2569 972 2574 —
998 2550 1201 2582 ntatrimonio
1228 2550 1382 2589 sollemni,

671 2611 703 2637 et
726 2605 802 2637 loco
827 2605 1008 2647 posteriore
1031 2603 1134 2637 addit:
1164 2604 1204 2636 sit
1227 2603 1381 2636 ecclesia-

670 2658 769 2691 sticus
777 2655 1118 2700 (ἐκκλησιαστικὸς),
1126 2658 1166 2690 sit
1176 2657 1270 2701 virgo
1277 2658 1381 2700 (παρ-

672 2711 794 2754 θένος)
817 2711 1115 2754 irreprehensibilis.

711 2775 742 2805 4.
766 2766 878 2798 bonum
896 2766 965 2809 eta]
990 2766 1144 2799 Canones
1170 2766 1382 2799 ecclesiastici

667 2819 894 2861 apostolorum
930 2819 978 2860 16,
1008 2824 1029 2853 2
1059 2819 1228 2853 exhibent:
1263 2817 1383 2853 Καλὸν

664 2871 732 2913 μὲν
756 2870 846 2906 εἶναι
872 2870 1054 2916 ἄγύιάιος,
1088 2873 1124 2908 εἰ
1149 2874 1188 2908 δὲ
1216 2870 1279 2916 μή,
1309 2870 1381 2907 dua

1448 1146 1534 1185 μιᾶς
1563 1141 1741 1186 γυναικός.
1788 1143 1840 1177 Cf.
1872 1143 1979 1185 Punic,
2015 1145 2146 1178 Doctrin

1449 1197 1621 1230 duodecim
1644 1198 1873 1241 apostolorum
1903 1199 1989 1242 1887
2014 1210 2046 1243 p.
2062 1198 2112 1233 60.
2126 1220 2147 1224 -

1451 1263 1488 1284 ne
1511 1251 1673 1295 affligatur
1695 1251 1765 1295 eta]
1796 1253 1816 1285 i.
1840 1262 1870 1286 e.
1903 1264 1947 1286 ne
1982 1254 2014 1286 ei
2038 1254 2147 1286 accida!

1451 1311 1484 1339 ut
1508 1306 1556 1339 bis
1579 1305 1693 1339 viduus
1717 1306 1782 1339 fiat.
1828 1307 2079 1350 Argumentum
2102 1308 2145 1339 sin

1450 1360 1562 1404 gulare
1574 1367 1634 1394 est.
1658 1360 1722 1393 Sed
1739 1361 1900 1404 scriptura
1918 1362 1998 1394 satis
2017 1362 2147 1395 distinct·

1449 1415 1496 1447 sic
1518 1414 1604 1447 dicit.

1492 1467 1588 1501 6-8.
1607 1468 1690 1501 Cum
1710 1469 1760 1501 his
1777 1469 1928 1502 versibus
1948 1470 2147 1503 consentiunt

1451 1532 1534 1566 quae
1562 1522 1765 1555 Abrahamus
1795 1522 2034 1564 Ecchenensis‚
2067 1524 2145 1568 Euty

1451 1576 1541 1608 chius
1562 1574 1638 1609 1661
1658 1587 1688 1620 p.
1701 1585 1841 1618 42—43,
1859 1587 1878 1610 e
1896 1578 2004 1621 capite
2019 1578 2065 1610 lv
2077 1578 2147 1611 con

1450 1631 1654 1664 stitutionum
1684 1631 1983 1665 vetustissimarum
2009 1633 2147 1665 ecclesia«

1449 1685 1686 1718 Alexandrinae
1710 1685 1838 1718 arabice
1868 1686 1972 1719 edidit
2000 1693 2096 1731 atque
2118 1687 2144 1719 la

1449 1739 1516 1772 tine
1533 1740 1578 1772 sic
1596 1739 1706 1772 vertit:
1726 1738 1932 1783 „Episcopus
1951 1741 2146 1774 constituam

1449 1793 1501 1826 die
1512 1792 1679 1826 dominico
1691 1793 1845 1826 omnibus
1857 1803 2061 1827 consensum
2074 1805 2145 1839 prae

1449 1847 1599 1879 bentibus
1624 1847 1664 1880 de
1682 1847 1783 1890 ipsius
1799 1849 2026 1890 promotione,
2050 1856 2082 1882 et
2106 1860 2146 1892 po

1449 1901 1526 1946 pulo
1550 1912 1587 1934 ac
1611 1901 1834 1934 sacerdotibus
1856 1912 1917 1944 pro
1934 1902 1992 1935 illo
2009 1909 2147 1936 attestan

1449 1956 1544 1988 tibus.
1583 1954 1736 1999 Episcopi
1762 1960 1883 1995 autem,
1907 1955 1964 1999 qui
1981 1956 2108 1996 adsunt,
2131 1968 2147 1989 u

1450 2020 1565 2042 manus
1577 2009 1636 2053 ipsi
1648 2009 1829 2052 imponant,
1837 2009 1948 2043 lavent
1955 2020 2073 2043 manus
2082 2021 2147 2043 suas

1449 2063 1566 2096 deinde
1580 2069 1774 2095 consecrent
1787 2063 2024 2107 illum,populo
2036 2064 2147 2097 adstat:

1447 2123 1480 2150 te
1509 2127 1583 2150 cum
1608 2116 1737 2150 silentio
1762 2123 1793 2150 et
1817 2117 1949 2156 timore,
1979 2124 2012 2150 et
2036 2118 2147 2150 eleven

1448 2181 1563 2204 manus
1586 2181 1660 2203 suas
1689 2170 1737 2213 (id
1760 2175 1810 2203 est
1834 2170 1977 2214 populus
2001 2178 2035 2205 et
2059 2182 2147 2204 sacer

1449 2225 1543 2258 dotes
1566 2235 1640 2258 cum
1664 2225 1829 2268 episcopis
1845 2245 1886 2251 -
1905 2231 1941 2258 ut
1958 2226 2147 2258 Abrahamu

1449 2279 1690 2322 interpretatur)
1706 2289 1804 2322 super
1818 2290 1895 2311 eum
1912 2279 2078 2313 dicentes:
2101 2279 2147 2313 lm

1449 2334 1600 2377 ponimus
1624 2343 1739 2366 manus
1763 2339 1893 2366 nostras
1916 2344 2017 2377 super
2035 2343 2147 2366 servun

1449 2387 1534 2420 hunc
1551 2386 1692 2420 electum
1713 2387 1786 2420 Deo
1803 2387 1836 2420 in
1850 2388 1991 2421 nomine
2014 2388 2114 2432 patris
2132 2398 2147 2420 e

1449 2441 1504 2474 filii
1522 2446 1554 2475 et
1569 2441 1700 2485 spiritus
1717 2441 1820 2473 sancti
1837 2442 1878 2474 ad
1896 2442 2147 2475 constituendum

1448 2495 1538 2529 illum
1561 2495 1594 2528 in
1617 2495 1766 2528 ordinem
1790 2495 1916 2529 bonum
1944 2506 1983 2529 ac
2014 2496 2147 2529 stabilen

1449 2550 1563 2582 unicae
1585 2550 1656 2582 sine
1679 2548 1807 2582 macula
1831 2549 1994 2583 ecclesiae
2012 2550 2076 2583 Dei
2100 2551 2147 2582 viv

1448 2603 1614 2637 invisibilis
1643 2603 1683 2636 ad
1707 2602 1894 2636 faciendum
1916 2603 2072 2637 iudicium
2095 2614 2147 2637 rec

1448 2664 1517 2691 turn
1553 2662 1584 2690 et
1615 2655 1919 2690 manifestationem
1949 2665 2097 2691 sanctam
2132 2669 2147 2691 e

1448 2711 1568 2756 gratias
1591 2715 1743 2755 patentes
1762 2721 1800 2744 ac
1817 2711 2020 2755 prodeuntes
2038 2718 2070 2746 et
2085 2712 2146 2745 doc

1447 2766 1564 2798 trinam
1598 2764 1740 2806 fidelem,
1777 2765 1865 2798 hunc
1905 2766 2073 2806 nimirum,
2110 2777 2147 2810 qu

1447 2818 1552 2853 factus
1576 2825 1625 2852 est
1649 2819 1808 2852 ecclesiae
1832 2819 2017 2853 catholicae
2039 2831 2058 2853 a
2074 2827 2147 2864 pam

1447 2873 1673 2907 sanctissimae
1687 2873 1839 2906 trinitatis
1853 2875 2016 2918 mysterio
2029 2875 2147 2908 crucis‘⁴
