2457 3436
976 385 1177 415 accnssrm
1205 385 1474 416 mammeas.
1893 378 1969 415 103

590 494 626 535 3.
655 481 703 522 Et
731 489 817 522 oret
845 495 961 535 super
981 495 1086 531 eum,
1115 480 1449 536 quemadmodum
1471 481 1658 523 dicemus.
1707 482 1809 524 Oret
1837 489 1967 524 autem

476 545 632 587 dicens:
662 559 701 599 4.
730 545 866 596 „Deus
895 546 963 596 mi,
992 553 1100 599 pater
1121 546 1283 587 Domini
1306 547 1430 587 nostri
1451 553 1490 587 et
1509 546 1709 588 salvatoris
1738 548 1862 588 nostri
1881 547 1968 588 Iesu

477 610 640 661 Christi,
670 611 818 664 respice
847 611 950 651 hunc
979 624 1135 652 servum
1165 619 1275 652 tuum
1307 618 1346 652 et
1373 610 1511 665 largire
1535 610 1587 652 illi
1616 612 1793 665 spiritum
1824 612 1969 665 gratiae

477 682 518 718 et
545 674 754 716 consilium
783 676 1008 726 sanctitatis,
1044 683 1086 718 ut
1121 676 1246 730 possit
1273 690 1410 729 regere
1439 676 1632 730 populum
1659 683 1770 718 tuum
1802 677 1841 718 in
1871 678 1968 718 inte-

475 742 618 794 gritate
637 739 779 790 cordis,
808 742 908 782 sicut
928 740 1131 794 respexisti
1151 740 1341 795 populum
1364 740 1530 782 electum
1552 750 1590 783 et
1610 741 1800 783 mandasti
1821 742 1966 796 Moysi,

476 813 520 847 ut
550 805 711 859 eligeret
740 806 928 855 seniores,
957 819 1057 860 quos
1086 804 1281 859 replevisti
1311 805 1452 847 eodem
1474 807 1621 861 spiritu,
1644 821 1730 861 quo
1752 806 1968 848 donaveras

475 877 519 911 tu
559 884 715 912 servum
755 878 865 911 tuum
906 877 945 911 et
980 869 1168 911 famulum
1206 878 1317 911 tuum
1356 871 1538 925 Moysen.
1597 884 1632 924 5.
1669 871 1786 913 Nunc
1823 878 1967 921 autem,

476 934 655 976 Domine
689 936 757 985 mi,
797 935 845 976 da
879 936 941 977 isti
975 949 1090 976 servo
1124 942 1195 976 tuo
1235 936 1412 989 gratiam,
1453 950 1551 990 quae
1589 950 1788 990 nunquam
1825 935 1967 986 deficit,

475 1013 716 1041 conservans
745 1000 858 1041 nobis
887 1000 1049 1053 gratiam
1078 1001 1234 1054 spiritus
1261 1000 1317 1041 tui
1347 1008 1385 1042 et
1414 1008 1710 1055 competentem
1741 1002 1965 1055 portionem

477 1071 671 1115 nostram,
700 1064 885 1119 supplens
914 1066 953 1105 in
982 1064 1098 1107 nobis
1127 1065 1272 1107 cultum
1302 1073 1412 1107 tuum
1444 1067 1484 1106 in
1505 1065 1636 1116 corde,
1666 1073 1710 1107 ut
1728 1065 1968 1107 celebremus

475 1136 516 1171 te
547 1130 711 1180 sincere,
740 1144 808 1184 per
836 1128 958 1172 filium
987 1138 1098 1172 tuum
1119 1130 1249 1172 Iesum
1271 1130 1488 1181 Christum,
1518 1131 1556 1171 in
1587 1145 1666 1185 quo
1685 1131 1755 1172 tibi
1776 1130 1868 1185 (sit)
1887 1130 1968 1172 laus

477 1202 518 1237 et
547 1195 735 1250 potentia,
764 1196 862 1249 patri
891 1202 929 1236 et
957 1194 1039 1237 filio
1070 1202 1108 1237 et
1127 1196 1277 1249 spiritui
1306 1203 1456 1246 sancto,
1487 1196 1526 1236 in
1555 1202 1686 1237 sancta
1717 1194 1876 1237 ecclesia
1903 1203 1967 1237 tua

475 1267 517 1301 et
546 1273 652 1301 nunc
681 1267 721 1301 et
747 1274 904 1314 semper
933 1268 972 1302 et
1000 1261 1040 1301 in
1068 1260 1220 1302 saecula
1249 1261 1507 1311 saeculorum,
1547 1264 1703 1303 amen“.
1763 1262 1799 1302 6.
1836 1261 1882 1303 Et
1910 1275 1969 1302 re·

475 1324 650 1378 spondet
678 1325 808 1366 omnis
838 1325 1023 1380 populus:
1053 1326 1212 1377 „Amen
1238 1333 1276 1367 et
1304 1329 1461 1367 amen“.
1517 1325 1564 1367 Et
1593 1325 1706 1367 decet
1735 1340 1826 1367 eum
1856 1333 1930 1367 etc.

921 1422 974 1464 111
1003 1422 1183 1478 (xxxm).
1223 1426 1283 1467 De
1311 1425 1526 1466 diaconis.

592 1511 625 1538 1.
661 1497 874 1552 Episcopus
910 1497 1119 1539 diaconum
1155 1499 1379 1548 constituat,
1417 1505 1623 1553 postquam
1658 1497 1876 1539 secundum
1911 1512 1968 1548 ea,

474 1575 577 1616 quae
611 1576 726 1616 supra
760 1562 941 1613 diximus,
982 1562 1127 1605 electus
1163 1571 1239 1615 est;
1280 1564 1486 1618 episcopus
1520 1577 1660 1604 manus
1695 1577 1782 1604 suas
1818 1562 1967 1617 (solus)

476 1627 594 1682 capiti
631 1628 712 1668 eius
742 1628 931 1682 imponat.
989 1640 1026 1670 2.
1057 1628 1329 1678 Quamobrem
1367 1628 1535 1669 diximus
1572 1628 1801 1682 episcopum
1839 1628 1966 1668 solum

477 1706 619 1734 manus
647 1706 735 1733 suas
755 1692 923 1735 diacono
945 1693 1151 1747 imponere
1170 1693 1335 1735 debere?
1383 1694 1488 1735 Haec
1519 1700 1578 1735 est
1604 1707 1735 1735 causa:
1766 1692 1968 1734 ordinetur

478 1770 563 1798 non
592 1757 641 1799 ad
670 1757 945 1809 sacerdotium,
974 1758 1043 1799 sed
1073 1758 1119 1799 ad
1140 1759 1398 1800 ministerium
1430 1759 1616 1813 episcopi,
1645 1765 1686 1799 ut
1716 1757 1840 1808 faciat,
1870 1771 1968 1812 quae

476 1823 514 1864 ei
543 1823 842 1877 praecipiuntur.
902 1836 937 1876 3.
967 1823 1092 1865 Porro
1122 1838 1204 1864 non
1236 1824 1497 1874 constituitur,
1536 1831 1577 1864 ut
1605 1822 1846 1864 consiliarius
1877 1822 1967 1864 cleri

477 1888 650 1928 universi
679 1888 741 1937 sit,
771 1887 838 1929 sed
868 1896 909 1929 ut
937 1890 1109 1942 aegrotis
1138 1888 1341 1943 provideat
1371 1896 1409 1930 et
1429 1890 1619 1943 episcopo
1650 1888 1698 1930 de
1728 1888 1783 1929 eis
1812 1887 1965 1929 referat.

587 1999 607 2029 5
630 1995 731 2028 Num.
757 2005 807 2035 11,
831 1995 880 2029 16.

590 2097 606 2127 1
632 2099 664 2127 et
687 2099 759 2127 oret
782 2113 821 2117 —-
846 2099 956 2127 autem
980 2105 988 2127 :
1011 2104 1108 2127 orans
1132 2100 1165 2127 et
1188 2093 1214 2127 L
1234 2101 1238 2136 ῑ
1258 2098 1279 2127 2
1302 2099 1333 2127 et
1358 2093 1527 2127 salvatoris
1550 2104 1583 2127 n.
1605 2098 1649 2133 >
1673 2093 1699 2126 L
1720 2094 1725 2137 1
1744 2097 1765 2127 4
1788 2099 1823 2126 ut
1845 2104 1853 2126 ε
1878 2102 1968 2136 pres-

477 2148 613 2192 byteros
636 2154 671 2180 ut
694 2147 824 2181 adiuvet
846 2153 879 2181 et
901 2147 928 2181 L
958 2150 964 2190 Ι
994 2151 1015 2182 Β
1038 2148 1091 2181 isti
1113 2158 1210 2181 servo
1234 2153 1291 2181 tuo
1315 2153 1357 2187 >
1383 2147 1408 2180 L
1434 2147 1440 2190 Ι
1471 2150 1546 2188 9110
1568 2152 1813 2191 competentem
1836 2166 1879 2172 ——
1902 2151 1936 2179 ut
1960 2158 1967 2178 :

477 2202 598 2246 dignos
621 2201 725 2242 effice,
748 2207 783 2235 ut
799 2202 969 2235 credentes
987 2201 1013 2235 L
1034 2204 1038 2241 Ι
1060 2207 1100 2236 11
1124 2202 1156 2234 in
1181 2214 1187 2235 :
1213 2211 1270 2246 per
1285 2202 1311 2234 L
1332 2203 1336 2243 Ι
1358 2204 1452 2241 13114
1470 2207 1502 2234 et
1519 2202 1696 2245 respondet
1714 2221 1754 2225 —
1771 2207 1833 2234 etc.
1849 2205 1892 2241 >
1914 2201 1937 2233 L
1961 2202 1966 2243 Ι

480 2260 522 2290 16
545 2257 635 2290 solus
658 2255 685 2289 L
707 2256 805 2289 Aeth.
831 2267 838 2288 :
863 2260 906 2294 >
931 2255 959 2290 C

522 2353 561 2393 11,
588 2351 681 2396 3-6.
705 2353 753 2386 Ex
776 2353 926 2386 versione
949 2354 1141 2396 aethiopica.

524 2408 578 2448 111,
603 2407 698 2441 2—6.
722 2408 876 2441 Similiter
894 2408 1049 2441 Canones
1066 2408 1190 2452 Hippo-

478 2462 537 2506 lyti
561 2472 589 2495 c.
616 2471 629 2504 5
657 2468 689 2495 et
713 2462 964 2496 Testamentum
982 2462 1022 2496 D.
1046 2473 1077 2496 n.
1102 2462 1126 2503 1,
1153 2463 1191 2505 38

479 2517 629 2559 probant,
641 2527 698 2549 cur
713 2516 869 2550 diaconus
883 2517 923 2550 ab
936 2517 1094 2561 episcopo
1107 2516 1190 2557 solo,

479 2571 678 2614 presbyteris
713 2581 781 2604 non
815 2571 911 2603 simul
941 2582 1056 2604 manus
1085 2572 1190 2614 impo-

480 2625 631 2658 nentibus
641 2624 693 2658 vel
706 2631 802 2668 caput
815 2624 1022 2669 tangentibus
1033 2624 1090 2668 (cf.
1097 2624 1137 2665 11,
1148 2634 1158 2657 1
1168 2628 1190 2666 ),

479 2678 676 2712 ordinandus
717 2678 768 2719 sit,
813 2689 888 2712 cum
929 2678 1190 2712 Constitutiones

478 2738 584 2775 apost.
608 2738 642 2766 et
665 2732 818 2777 Epitome
841 2743 908 2766 non
933 2733 1041 2766 solum
1064 2733 1106 2766 de
1129 2733 1189 2766 hac

481 2796 514 2819 re
543 2787 669 2827 sileant,
700 2787 758 2821 sed
787 2788 887 2821 etiam
914 2787 955 2821 de
984 2787 1190 2821 ordinatione

479 2840 607 2875 diaconi
639 2841 726 2875 idem
754 2842 896 2875 habeant
924 2842 1011 2886 quod
1040 2842 1081 2875 de
1104 2842 1189 2875 ordi-

479 2896 612 2928 natione
635 2897 825 2940 presbyteri,
849 2896 1008 2940 episcopo
1031 2895 1190 2940 praecipi-

1258 2360 1361 2395 entes,
1392 2359 1426 2386 ut
1457 2353 1684 2397 presbyterum
1714 2352 1765 2384 vel
1795 2352 1966 2385 diaconum

1258 2408 1411 2441 ordinans
1435 2417 1550 2439 manus
1573 2407 1720 2449 imponat
1743 2406 1891 2439 adstante
1908 2406 1967 2439 sibi

1257 2462 1462 2506 presbyterio
1478 2467 1574 2505 atque
1591 2460 1747 2493 diaconis.
1772 2460 1863 2493 Ritus
1877 2459 1966 2493 Con-

1257 2517 1463 2550 stitutionum
1480 2521 1585 2559 apost.
1604 2514 1776 2547 manifeste
1792 2524 1894 2558 aeque
1911 2525 1967 2547 an·

1258 2571 1440 2614 tiquitatem
1474 2570 1557 2614 sapit
1585 2575 1681 2613 atque
1709 2573 1901 2612 argumenta
1936 2568 1968 2600 in

1258 2625 1422 2668 scripturis
1436 2624 1552 2657 ceteris
1568 2623 1609 2657 ad
1620 2623 1717 2656 ritum
1734 2623 1876 2666 ipsarum
1891 2632 1967 2665 pro-

1258 2678 1398 2711 bandum
1422 2678 1546 2721 prolata
1571 2683 1713 2711 aetatem
1736 2676 1895 2709 seriorem
1918 2676 1966 2708 in-

1257 2732 1375 2766 dicant.
1419 2733 1456 2765 In
1484 2733 1535 2765 his
1564 2732 1737 2775 episcopus
1771 2735 1967 2774 potestatem

1257 2787 1417 2820 maiorem
1441 2793 1474 2820 et
1493 2786 1673 2831 presbyteri
1695 2796 1733 2818 ac
1749 2784 1878 2818 diaconi
1896 2784 1967 2827 dig-

1256 2841 1391 2874 nitatem
1430 2841 1594 2874 minorem
1637 2840 1757 2873 habeut
1801 2849 1898 2883 quam
1937 2839 1969 2870 in

1255 2895 1327 2928 illis.

1995 1076 2035 1106 10

1995 1431 2033 1462 15

1992 1756 2035 1786 20
