2457 3436
846 300 1160 330 consrrru‘rxonsss
1186 301 1464 330 APOSTOLORUM.
1844 293 1892 330 27

395 396 579 449 νόμενον
608 397 754 438 εἰδέναι
784 395 978 448 ὀφείλετε,
1008 393 1151 445 ὁποῖός
1179 397 1264 438 ἐστι
1292 403 1345 449 τῇ
1372 403 1451 439 τοῦ
1477 400 1571 448 βίου
1599 400 1796 453 συνηθείᾳ
1825 401 1893 439 καὶ

397 461 655 515 ἀναστροφῇ,
684 463 719 503 εί
744 463 1097 516 μεμαρτυρημένος
1122 461 1201 503 τὸν
1227 464 1330 512 βίον,
1359 463 1394 504 εἰ
1421 458 1668 516 ἀνέγκλητος
1693 464 1761 504 καὶ
1781 461 1894 505 α’διά-

397 531 566 580 βλητος,
601 527 637 567 εἰ
665 524 777 575 ὅσιος
809 529 876 567 καὶ
904 526 1119 578 φιλόξενος
1147 528 1215 568 καὶ
1242 526 1518 579 φιλόπτωχος,
1553 527 1588 568 εί
1616 527 1797 580 σώφρων
1826 530 1894 569 καὶ

400 592 583 641 ψεύδους
625 592 825 645 καθαρός,
865 592 901 633 εἰ
943 590 1193 644 ἀπεχόμενος
1233 592 1392 641 παντὸς
1432 597 1620 646 πονηροῦ
1659 592 1895 645 πράγματος

401 655 474 710 (C.
498 657 545 697 A.
575 657 622 707 11,
642 655 730 711 49).
785 655 983 710 μακάριος
1009 656 1088 710 γὰρ
1118 655 1142 697 ὁ
1170 663 1374 708 τοιοῦτος,
1402 657 1473 698 ἐὰν
1501 662 1706 710 πειρασθῇ
1733 659 1801 699 καὶ
1828 658 1897 699 δό-

400 736 524 774 κιμος
540 727 668 774 φανῇ·
690 720 862 776 ,,Ἅνὴρ“
874 720 964 775 γάρ,
984 725 1120 776 φησίν,
1142 721 1413 774 ,,α’πείραστος
1432 721 1627 774 ἀδόκιμος
1646 721 1758 774 παρὰ
1777 726 1895 774 θεῷη

403 786 502 840 (Iac.
537 800 571 837 1,
606 799 665 828 12.
701 786 789 841 13)·
824 788 893 828 καὶ
927 785 1040 828 οὕτω
1074 789 1335 839 δοκιμασθεὶς
1369 788 1435 828 ἐπὶ
1469 787 1667 839 ψεύσματι
1697 788 1799 841 λέγει
1828 790 1895 829 καὶ

402 850 533 900 αὐτὸς
561 850 750 900 εἰκότως·
781 850 939 902 ,,Εἶδες,
969 851 1094 904 κύριε,
1123 851 1177 905 μὴ
1198 851 1521 906 παρασιωπήσῃς
1549 852 1632 905 (Ps.
1655 864 1719 905 27,
1745 851 1800 906 1),
1831 849 1896 893 ὅτι

402 916 687 970 ἐπανέστησάν
712 932 782 969 μοι
808 915 1010 970 μάρτυρες
1037 916 1183 967 ἄδικοι,
1212 918 1280 959 καὶ
1309 916 1512 969 ἐψεύσατο
1539 914 1561 957 v‘·
1583 916 1717 958 ἀδικία
1744 916 1896 969 ἑαυτῇ“

404 981 578 1035 (Ps.26,
603 993 664 1023 12
684 1005 736 1012 --
757 982 803 1023 C.
824 983 861 1023 A
895 981 944 1032 11,
965 983 1003 1033 8,
1025 981 1084 1036 2).
1132 983 1234 1023 ἴδετε
1263 984 1330 1023 καὶ
1359 982 1411 1023 τὰ
1440 982 1615 1034 κοσμικὰ
1644 980 1895 1036 δικαστήρια,

401 1048 467 1087 ὠν
501 1052 554 1099 τῇ
586 1046 747 1102 ἐξουσίᾳ
783 1044 945 1100 ὃραῖμει
979 1046 1200 1100 ἀγομένους
1237 1052 1389 1098 φονεῖς,
1424 1047 1606 1100 μοιχούς,
1642 1046 1895 1099 φαρμακούς,

402 1111 708 1164 τυμβωρύχους,
729 1112 896 1164 λῃστάς·
924 1114 992 1153 καὶ
1011 1111 1084 1161 τὰς
1102 1111 1333 1164 α’νακρίσεις
1352 1111 1498 1153 αὐτῶν
1517 1111 1794 1164 λαμβάνοντες
1812 1110 1897 1152 ὑπὸ

401 1181 494 1219 τῶν
520 1175 821 1230 προσαγόντων
849 1177 888 1218 οἱ
916 1174 1133 1230 ἡγούμενοι
1160 1179 1317 1230 λέγουσι
1346 1182 1408 1230 τῷ
1436 1176 1668 1230 κακούργῳ,
1704 1178 1740 1218 εἰ
1767 1180 1898 1218 ταῦτα

403 1240 544 1290 οὕτως
571 1241 661 1294 ἔχει.
717 1240 907 1284 κάκείνου
941 1244 1340 1295 συγκατατιθεμένου
1377 1244 1445 1284 καὶ
1481 1240 1785 1295 ὁμολογοῦντος
1820 1242 1898 1283 ούκ

404 1305 566 1356 εὐθέως
583 1306 648 1348 ἐπὶ
670 1306 747 1361 τὴν
765 1308 937 1349 κόλασιν
955 1303 1088 1349 αὐτὸν
1105 1307 1394 1360 ἐκπέμπουσιν,
1408 1306 1512 1349 ἀλλὰ
1530 1309 1715 1348 πλείοσιν
1735 1304 1896 1359 ἡμέραις

403 1371 481 1426 τὴν
507 1371 691 1423 ἐξέτασιν
718 1371 849 1414 αὐτοῦ
874 1376 1093 1414 ποιοῦνται
1121 1371 1222 1425 μετὰ
1252 1375 1495 1425 συμβουλίας
1524 1373 1591 1413 καὶ
1616 1372 1799 1422 σκέψεως
1827 1374 1894 1412 καὶ

403 1441 563 1491 πολλῆς
591 1436 811 1491 ζητήσεως·
858 1439 926 1478 καὶ
946 1435 1059 1479 οὕτω
1079 1441 1313 1479 τελευταῖον
1334 1435 1436 1490 ὅρον
1459 1439 1526 1478 καὶ
1544 1442 1687 1490 ψῆφον
1707 1436 1897 1478 θανάτου

405 1500 431 1543 ὁ
458 1503 623 1555 μέλλων
642 1502 825 1555 ἐκφέρειν
844 1499 931 1544 κατ’
953 1501 1099 1551 αὐτοῦ,
1127 1502 1232 1555 πρὸς
1251 1501 1327 1544 τὸν
1346 1500 1464 1556 ἥλιον
1484 1501 1635 1553 ἐπάρας
1654 1501 1729 1548 τὰς
1746 1510 1894 1553 χεῖρας,

403 1568 472 1608 ἐπὶ
499 1567 675 1609 πάντων
704 1566 1016 1620 διαμαρτύρεται
1044 1567 1190 1616 α’θῶσς
1216 1564 1412 1619 ὑπάρχειν
1441 1572 1518 1608 τοῦ
1536 1566 1706 1619 αἵματος
1732 1572 1809 1607 τοῦ
1830 1563 1897 1607 ἇν-

406 1632 600 1684 θροόπου,
636 1635 771 1674 καίτοι
800 1631 918 1681 ὄντες
945 1633 1106 1673 ἐθνικοὶ
1134 1635 1200 1674 καὶ
1231 1631 1352 1673 ἄθεοι
1381 1634 1449 1673 καὶ
1475 1630 1608 1686 μόνην
1636 1631 1795 1684 ἔχοντες
1822 1631 1898 1684 τὴν

403 1697 533 1749 ᾳύσιν
560 1697 819 1739 διδάσκαλον.
867 1693 977 1750 ὑμεῖς
1005 1698 1046 1739 δὲ
1069 1696 1343 1750 γινώσκοντες
1362 1696 1465 1738 θεὸν
1485 1696 1561 1738 τὸν
1580 1696 1776 1748 ἐτάζοντα
1804 1710 1898 1748 καρ-

403 1764 495 1810 δίας
523 1764 590 1804 καὶ
620 1761 797 1814 νεφροὺς
824 1764 891 1803 καὶ
921 1760 1117 1804 συνιόντα
1151 1764 1207 1809 εἰς
1240 1760 1376 1803 πάντα
1409 1761 1461 1802 τὰ
1490 1761 1585 1815 ἔργα
1613 1759 1742 1815 ἡμῶν,
1777 1760 1897 1812 πόσῳ

402 1831 566 1880 μᾶλλον
593 1825 773 1879 ὀφείλετε
801 1827 903 1880 μετὰ
932 1831 1090 1880 πολλῆς
1117 1827 1282 1880 ἐρεύνης
1301 1826 1378 1880 τὴν
1397 1828 1557 1868 δικαίαν
1578 1829 1709 1878 κρίσιν
1728 1830 1896 1878 κρίνειν,

406 1889 471 1934 ότι
500 1896 578 1934 τοῦ
604 1894 750 1945 κυρίου
777 1890 802 1945 ἡ
831 1894 961 1945 κρίσις
987 1897 1066 1933 τοῦ
1092 1894 1316 1944 μέλλοντος
1350 1890 1536 1932 αποδοῦι
1538 1907 1580 1932 αι
1609 1889 1767 1943 ἑκάστῳ
1796 1890 1901 1932 κατὰ

404 1958 459 1999 τὰ
488 1957 585 2010 ἔργα
614 1954 744 1998 αὐτοῦ
774 1956 843 2011 (C.
872 1958 920 1998 A.
951 1956 997 2006 ΙΙ,
1026 1956 1114 2010 ,52)

518 2024 555 2064 8.
586 2022 737 2064 Chron.
759 2036 791 2063 c.
818 2022 906 2072 128,
928 2034 964 2101 93
996 2020 1056 2063 ed.
1077 2021 1246 2062 Muralto
1276 2035 1313 2074 p.
1336 2021 1427 2072 289,
1457 2021 1526 2062 PG
1553 2034 1640 2070 110,
1661 2022 1758 2074 458:
1783 2018 1900 2062 Ὑπο-

404 2088 564 2140 φόρους
597 2086 673 2140 γὰρ
707 2086 867 2139 ἔχοντες
905 2085 1059 2134 αύτούς
1093 2085 1168 2141 [οἱ]
1198 2082 1383 2138 Ῥωμαῖοι
1423 2084 1501 2126 ούκ
1534 2086 1632 2126 ἔωσι
1666 2095 1752 2133 τοῖς
1785 2087 1901 2133 ἰδίοις

401 2156 587 2206 χρᾶσθαι
618 2151 861 2206 (κεχρῆσθαι
890 2151 986 2205 CG)
1017 2151 1296 2203 δικαιώμασιν,
1334 2149 1549 2203 ἐπειδήπερ
1584 2149 1780 2198 ἑκουσίως
1814 2151 1901 2191 ἐπε-

404 2218 625 2259 σπάσαντο
658 2216 735 2270 τὴν
771 2218 961 2258 δουλείαν
996 2216 1200 2264 εἰπόντες·
1244 2212 1362 2266 „Oine
1397 2214 1540 2268 ἔχομεν
1577 2216 1743 2265 βασιλέα
1779 2215 1813 2256 εἰ
1845 2214 1900 2268 μὴ

406 2285 611 2334 καίσαρα“
631 2282 709 2336 (Io.
735 2295 795 2334 19,
821 2281 904 2335 15),
933 2283 1019 2322 καί·
1047 2277 1166 2331 „mv
1192 2280 1246 2334 μὴ
1274 2279 1581 2332 ἀποκτείνωμεν
1610 2279 1687 2321 τὸν
1707 2278 1900 2331 Χριστόν,

405 2347 563 2396 πάντες
595 2348 652 2394 είς
685 2345 816 2388 αύτόν
848 2344 1123 2395 πιστεύσουσι,
1167 2348 1232 2386 καὶ
1275 2345 1512 2386 ἐλεύσονται
1547 2344 1585 2384 οἱ
1615 2342 1799 2396 Ῥωμαῖοι
1834 2345 1901 2384 καὶ

406 2410 554 2465 ἀροῦσι
590 2411 671 2454 τὸν
704 2410 839 2453 τόπον
867 2408 988 2465 ἡμῶν
1018 2408 1157 2465 (ἡμῶν
1186 2410 1263 2452 τὸν
1282 2408 1436 2463 τόπον)
1467 2411 1535 2450 καὶ
1565 2409 1615 2450 τὸ
1642 2409 1793 2457 «ἔθνοςη
1823 2408 1900 2462 (Io.

413 2491 427 2518 1
442 2491 475 2528 1,
506 2478 595 2531 48),
630 2476 675 2518 οἵ
702 2492 743 2529 γε
778 2478 847 2518 καὶ
882 2475 1053 2524 ἄκοντες
1086 2474 1412 2528 προεφήτευσαν·
1449 2476 1517 2516 καὶ
1550 2474 1627 2528 γὰρ
1660 2474 1903 2515 ἐπίστευσαν

407 2544 466 2591 εἷς
493 2541 623 2584 αὐτὸν
651 2541 703 2583 τὰ
733 2540 848 2595 ἔθνη,
883 2543 950 2582 καὶ
984 2539 1102 2582 αὐτοὶ
1137 2539 1212 2593 τὴν
1247 2541 1430 2591 ἐξουσίαν
1460 2536 1545 2580 ὑπὸ
1570 2536 1775 2591 Ῥωμαίων
1803 2537 1902 2591 α’φῃ-

408 2610 606 2662 ρέθησαν,
641 2609 709 2648 καὶ
741 2612 816 2660 τῆς
849 2611 1018 2659 νομικῆς
1047 2609 1235 2658 λατρείας
1263 2605 1351 2659 (καὶ
1381 2604 1457 2657 τὴν
1484 2602 1697 2657 λατρείαν)
1727 2607 1904 2644 κεκωλυ-

406 2675 521 2726 μένοι
559 2672 633 2727 (4-
664 2674 709 2713 δέ
736 2671 831 2726 CG)
867 2672 941 2713 εἰσὶ
974 2672 1041 2712 καὶ
1078 2666 1259 2722 ἀναιρεῖν
1296 2669 1369 2723 (4-
1399 2665 1470 2717 οὸς
1504 2670 1672 2710 θέλουσι
1702 2668 1797 2723 CG)
1836 2665 1903 2723 [οὐ

409 2736 736 2792 συγχωροῦνται]
773 2738 841 2778 καὶ
878 2736 999 2777 θύειν
1035 2731 1104 2777 ὅτε
1129 2735 1365 2785 βούλονται.
1424 2732 1488 2775 διὸ
1515 2735 1584 2774 καὶ
1612 2733 1905 2785 ὲπικατάρατοί

409 2804 497 2851 εἰσι,
526 2803 583 2856 μὴ
603 2801 818 2853 δυνάμενοι
838 2809 973 2843 ποιεῖν
1000 2799 1053 2841 τὰ
1075 2801 1384 2852 διατεταγμένα·
1415 2795 1788 2849 ,,Ἐπικατάρατος“
1814 2796 1903 2851 γάρ,
