2457 3436
867 377 1184 407 consummem
1210 377 1488 408 arom-omnm«.
1801 363 1922 407 XXV

419 486 521 514 vero
551 474 678 528 capita
707 472 907 515 librorum.
964 473 1155 514 Librarius
1184 473 1309 515 homo
1338 474 1502 515 rusticus
1532 481 1624 516 erat.
1681 473 1920 528 Scripturam

421 551 541 591 saepe
581 537 672 579 false
711 537 912 588 intellexit,
952 537 1053 579 haud
1091 552 1212 592 pauca
1252 539 1385 591 omisit
1424 546 1540 593 atque
1580 538 1739 589 addidit,
1778 537 1922 580 menda

422 602 606 656 plurima,
627 603 854 657 praesertim
876 617 923 644 ex
943 603 1123 644 itacismo
1143 610 1291 654 exorta,
1317 610 1452 644 contra
1471 603 1793 658 orthographiam
1812 617 1921 645 com-

423 668 546 708 misit.
595 667 757 722 Scripsit
776 682 836 709 ex.
856 681 915 722 gr.
936 668 1163 722 saepissime
1192 675 1231 709 et
1259 668 1299 708 in
1321 682 1411 710 casu
1428 668 1646 723 imperativi
1665 666 1746 710 fere
1765 681 1921 721 semper

421 748 464 774 αι
494 746 570 786 pro
599 748 632 782 ε,
666 748 702 773 ω
736 746 810 787 pro
838 748 874 783 o,
909 733 1087 787 inprimis
1121 734 1302 786 λέγωμεν
1335 746 1408 787 pro
1443 734 1624 787 λέγομεν,
1660 740 1698 774 et
1732 732 1920 783 similiter,

423 811 714 852 nonnunquam
743 814 770 839 v
798 797 860 839 vel
887 814 902 839 ι
933 812 1007 852 pro
1035 813 1076 839 οι
1099 805 1215 852 atque
1243 797 1314 839 alia
1343 797 1556 849 eiusmodi;
1585 812 1611 839 ν
1629 796 1921 848 §velamanen

422 862 503 904 fere
533 876 706 917 semper,
735 863 852 904 etiam
881 870 970 904 ante
999 870 1278 913 consonantes,
1306 863 1449 917 posuit.

537 940 573 980 3.
604 928 857 969 Vaticanus
889 929 990 981 1506
1020 927 1095 982 (=
1124 927 1185 982 d),
1220 927 1315 969 olim
1345 926 1722 978 Grottaferratensis,
1756 928 1796 968 in
1824 926 1920 968 folio

422 992 596 1043 minore,
617 992 951 1043 membranaceus,
971 992 1156 1034 foliorum
1176 993 1243 1043 80,
1267 992 1430 1034 duarum
1451 992 1737 1042 columnarum,
1760 1006 1794 1034 a.
1817 1003 1921 1046 1024

424 1065 606 1098 exaratus
635 1071 656 1098 a
687 1057 886 1099 monacho
916 1064 955 1099 et
982 1057 1212 1112 presbytero
1241 1057 1470 1109 Athanasio,
1498 1057 1612 1099 initio
1639 1056 1811 1098 mutilus.
1859 1056 1921 1098 In·

420 1122 518 1177 cipit
547 1120 816 1178 [κο]δράντης
848 1124 917 1163 καὶ
952 1121 1205 1175 θεασάμενος
1231 1122 1297 1173 ΙΙΙ,
1327 1135 1365 1176 7,
1394 1135 1432 1176 7.
1489 1122 1630 1176 Neque
1661 1129 1795 1163 tamen
1830 1120 1920 1163 inde

419 1186 469 1227 ab
507 1186 581 1228 hac
611 1194 720 1241 parte
754 1200 914 1242 prorsus
947 1187 1099 1240 integer
1128 1194 1199 1229 est.
1257 1186 1449 1228 Librarius
1478 1200 1614 1241 preces
1642 1186 1728 1238 VII,
1758 1200 1810 1240 47
1818 1198 1919 1239 -49

419 1251 582 1293 traditas
613 1265 696 1293 non
726 1253 977 1306 transcripsit.
1035 1252 1220 1294 Canones
1257 1251 1526 1306 apostolorum
1556 1251 1687 1293 I—IV
1714 1265 1736 1292 a
1764 1251 1920 1306 reliquis

419 1317 622 1370 segregati
642 1323 736 1370 post
753 1316 858 1367 VIII,
881 1328 930 1370 39
950 1316 1144 1370 leguntur.
1193 1316 1510 1358 Constitutiones
1537 1315 1723 1358 desinunt
1751 1314 1818 1356 fol.
1839 1316 1919 1368 78⁸.

420 1381 615 1422 Adiectae
644 1388 737 1423 sunt
765 1388 895 1423 autem
926 1389 1043 1423 notae
1072 1382 1207 1423 breves
1236 1380 1284 1422 ad
1313 1381 1641 1435 praedicationem
1678 1388 1718 1422 et
1746 1382 1919 1421 mortem

419 1446 702 1500 apostolorum
740 1453 973 1500 spectantes,
1010 1446 1156 1488 similes
1193 1447 1261 1496 eis,
1299 1460 1394 1500 quas
1433 1445 1560 1487 codex
1596 1444 1920 1487 vindobonensis

420 1512 621 1553 vetustior
651 1511 807 1553 exhibet
834 1518 950 1566 atque
977 1511 1151 1566 Lagarde
1179 1525 1217 1565 p.
1249 1512 1321 1553 281
1356 1525 1413 1566 sq.
1441 1510 1660 1566 publicavit,
1689 1518 1728 1552 et
1757 1510 1920 1550 nomina

422 1575 708 1630 discipulorum
749 1576 927 1618 Domini.
995 1575 1135 1618 Codex
1180 1576 1416 1630 subscriptus
1455 1582 1531 1617 est:
1581 1577 1708 1627 Τέρμα
1744 1573 1920 1628 εἰλήφθη

419 1643 570 1694 βιβλίῳ
597 1645 688 1682 τῶν
715 1639 940 1692 διατάξεων
966 1644 1053 1682 τῶν
1080 1638 1210 1694 ἁγίων
1238 1639 1488 1683 ἀποστόλων
1515 1639 1582 1681 διὰ
1604 1638 1738 1692 χειρὸς
1752 1635 1919 1681 Ἀθανα-

419 1708 518 1747 olon
556 1711 638 1747 τοῦ
679 1704 873 1753 εὐτελοῦς
910 1702 1304 1759 ἆββακρεσβυτέρου,
1343 1708 1439 1760 μηνὶ
1476 1708 1648 1758 μαρτίῳ,
1688 1703 1744 1746 κε’
1778 1701 1919 1759 ἡμέρᾳ,

420 1771 461 1812 d·
491 1768 595 1826 ὥρᾳ,
631 1769 667 1824 γ’
697 1771 841 1812 tuom.
870 1770 950 1812 ἔτει
978 1770 1117 1825 gom.
1174 1770 1288 1812 Liber
1317 1771 1511 1820 omnium,
1545 1770 1611 1824 qui
1638 1769 1736 1811 mihi
1763 1769 1920 1810 innotu-

422 1843 553 1884 erunt,
584 1834 849 1890 pulcherrime
878 1842 917 1876 et
944 1835 1241 1890 diligentissime
1260 1843 1434 1877 exaratus
1455 1842 1524 1876 est.
1572 1834 1851 1888 Inscriptiones
1880 1841 1919 1875 et

421 1901 581 1941 numeri
619 1908 658 1941 et
695 1900 843 1942 litterae
877 1901 1047 1954 capitum
1082 1901 1247 1943 initiales
1282 1900 1415 1941 colore
1450 1899 1566 1941 rubro
1602 1898 1843 1949 exhibentur,
1879 1898 1919 1939 in

421 1965 525 2006 libro
554 1972 701 2006 octavo
730 1966 847 2006 etiam
878 1965 1097 2020 particulae,
1134 1965 1272 2021 quibus
1307 1979 1441 2019 preces
1474 1964 1704 2006 ordinantur
1730 1964 1793 2005 vel
1819 1964 1920 2005 inter

420 2045 468 2071 se
503 2031 815 2083 coniunguntur,
850 2044 919 2072 seu
948 2030 1136 2073 Rubricae
1169 2045 1268 2086 quae
1303 2038 1506 2080 vocantur,
1542 2037 1581 2071 et
1613 2044 1703 2071 cum
1732 2028 1791 2069 bis
1820 2042 1920 2070 non-

422 2109 628 2150 nunquam
659 2095 778 2137 etiam
808 2094 944 2137 breves
973 2109 1122 2149 preceS,
1152 2109 1212 2137 ex.
1231 2109 1289 2150 gr.
1310 2109 1343 2136 c.
1370 2109 1413 2136 11
1437 2094 1553 2136 verba
1579 2096 1646 2135 καὶ
1673 2093 1775 2146 μετὰ
1793 2097 1919 2134 τοῦτο

422 2162 576 2213 λεγέτω
608 2185 658 2191 -
688 2162 757 2201 καὶ
788 2162 950 2213 λεγέτω,
979 2168 1018 2202 et
1045 2163 1114 2201 καὶ
1144 2158 1168 2201 ὁ
1197 2160 1298 2208 λαὸς
1326 2159 1627 2211 α’ποκρινάσθω
1647 2172 1683 2200 v.
1705 2159 1823 2212 7—8‚
1853 2159 1921 2198 καὶ

427 2250 474 2255 ——
504 2230 636 2267 πᾶσιν
665 2233 707 2266 et
734 2227 801 2266 καὶ
831 2221 1155 2277 ἁσκαςέσθωσαν
1181 2250 1228 2256 -
1254 2234 1449 2279 γυναῖκας
1475 2240 1511 2266 v.
1533 2237 1570 2276 9,
1599 2224 1767 2277 denique
1787 2236 1920 2263 versus

429 2302 601 2332 10—12.
650 2289 696 2331 In
726 2290 904 2343 margine
931 2291 1054 2344 prima
1083 2304 1221 2332 manus
1250 2290 1351 2333 haud
1379 2303 1467 2331 raro
1492 2289 1682 2331 lectiones
1709 2288 1832 2329 varias
1859 2285 1922 2328 vel

424 2356 776 2409 interpretamenta
797 2355 1005 2397 verborum
1025 2355 1278 2409 singularium
1299 2355 1362 2397 vel
1380 2355 1470 2397 alias
1489 2362 1602 2396 notas
1621 2353 1758 2395 breves
1778 2352 1920 2406 posuit.

532 2436 571 2473 4.
615 2420 869 2461 Vaticanus
906 2421 1010 2472 2089
1048 2420 1123 2475 (=
1152 2421 1211 2475 e),
1253 2421 1350 2462 olim
1388 2419 1600 2461 Basilianus
1643 2418 1731 2467 128,
1771 2416 1921 2457 formae

423 2493 603 2535 octavae,
633 2484 968 2536 membranaceus,
998 2484 1181 2527 foliorum
1204 2498 1297 2539 239,
1316 2499 1416 2526 saec.
1438 2484 1507 2534 XI,
1536 2498 1558 2525 a
1577 2482 1724 2525 duabus
1744 2479 1923 2522 manibus

424 2559 617 2599 exaratus,
646 2563 813 2604 quarum
842 2549 996 2591 alterius
1024 2557 1114 2591 sunt
1134 2549 1224 2591 folia
1249 2562 1406 2602 1-150
1425 2549 1487 2590 vel
1506 2549 1707 2589 orationes
1732 2544 1922 2600 quaedam

424 2616 615 2657 asceticae
638 2613 687 2670 (f.
714 2613 879 2669 1—71)‚
899 2615 1099 2657 Simeonis
1117 2615 1279 2670 Stylitae
1299 2615 1497 2656 orationes
1518 2612 1610 2654 VIII
1629 2610 1677 2666 (f.
1700 2607 1925 2664 71·—107)‚

424 2680 711 2735 Chrysostomi
755 2680 880 2722 oratio
924 2679 974 2722 de
1012 2680 1215 2736 prophetis
1255 2678 1304 2735 (f.
1348 2676 1579 2731 108—127)
1621 2684 1736 2731 atque
1779 2673 1925 2725 Ecloge

425 2744 625 2787 dictorum
662 2744 942 2799 scripturarum
977 2744 1196 2787 divinarum
1233 2752 1272 2786 et
1305 2751 1529 2786 sanctorum
1566 2749 1734 2796 patrum,
1771 2737 1926 2780 alterius

426 2808 517 2851 folia
543 2821 761 2863 151—239
791 2810 851 2851 vel
881 2809 1199 2853 Constitutiones
1226 2809 1512 2864 apostolorum.
1561 2807 1687 2848 Huius
1716 2804 1928 2857 scripturae

425 2883 555 2917 autem
587 2888 680 2930 pars
710 2875 843 2916 minor
870 2881 1023 2918 tantum
1053 2882 1283 2917 conservata
1311 2881 1382 2916 est.
1438 2872 1573 2915 Sectio
1602 2870 1708 2912 enim
1742 2866 1879 2920 incipit
1906 2879 1929 2906 a
