2457 3436
1116 373 1344 402 sumploffls.
1897 366 1971 403 167

468 467 587 509 ciliat
605 474 647 509 et
665 467 818 520 mitigat
837 476 996 522 propter
1015 468 1212 522 propriam
1235 469 1533 511 humanitatem:
1572 482 1608 511 2.
1639 471 1860 524 propitiare,
1891 470 1973 511 Do-

474 533 611 584 mine;
641 531 820 574 auxiliare
849 540 890 574 et
911 532 1072 574 medere
1093 533 1277 575 omnibus
1294 534 1477 587 aegrotis,
1506 535 1649 589 impera
1677 535 1838 585 morbis,
1867 536 1974 588 erige

477 598 654 639 iacentes
660 612 673 648 ;
701 597 752 637 da
777 597 941 650 gloriam
959 598 1103 638 nomini
1119 606 1182 639 tuo
1200 606 1337 639 sancto
1357 612 1426 653 per
1444 599 1690 653 unigenitum
1710 607 1822 641 tuum
1842 600 1972 641 Iesum

479 661 700 711 Christum,
741 675 808 716 per
842 676 961 716 quem
995 661 1062 703 tibi
1097 662 1220 716 gloria
1256 671 1295 704 et
1328 670 1500 716 potestas
1535 664 1575 704 in
1604 671 1740 705 sancto
1769 664 1905 719 spiritu
1936 672 1973 705 et

482 740 589 768 nunc
619 734 658 768 et
686 728 727 767 in
756 728 890 768 omnia
918 726 1069 768 saecula
1098 727 1355 776 saeculorum,
1384 742 1512 770 amen.

1103 888 1195 930 VIII
1223 888 1362 944 (xxx).

936 966 1190 1007 Benedictio
1218 969 1526 1017 aegrotorum.

596 1063 629 1091 1.
664 1051 840 1091 Domine
869 1051 978 1091 Deus
1008 1050 1373 1102 misericordiarum,
1410 1051 1576 1093 extende
1612 1066 1771 1093 manum
1800 1059 1906 1093 tuam
1937 1062 1974 1093 et

485 1114 637 1169 largire,
665 1122 710 1157 ut
737 1122 920 1156 curentur
940 1129 1082 1156 omnes
1102 1116 1251 1168 aegroti
1258 1131 1270 1166 3
1299 1115 1450 1169 largire,
1479 1124 1521 1157 ut
1549 1117 1712 1158 sanitate
1731 1115 1837 1170 digni
1866 1115 1973 1167 fiant,

485 1180 592 1235 eripe
621 1193 692 1221 eos
720 1194 742 1220 a
771 1179 912 1221 morbo
941 1180 1117 1231 instanti3
1148 1192 1184 1221 2.
1214 1181 1254 1221 in
1285 1180 1448 1222 nomine
1477 1181 1667 1234 unigeniti
1694 1182 1749 1223 tui
1779 1188 1973 1232 curentur,

485 1243 552 1286 fiat
571 1245 628 1285 eis
648 1243 866 1286 remedium
886 1257 1034 1285 nomen
1056 1245 1136 1286 eius
1157 1253 1335 1286 sanctum
1355 1246 1395 1285 in
1413 1245 1616 1287 sanitatem
1638 1253 1677 1287 et
1696 1246 1973 1300 integritatem,

483 1309 671 1364 quoniam
701 1323 771 1364 per
799 1323 888 1351 eum
917 1308 986 1351 tibi
1012 1308 1135 1363 gloria
1156 1317 1195 1351 et
1214 1310 1421 1364 imperium
1442 1311 1481 1350 in
1502 1317 1638 1351 sancto
1657 1311 1791 1364 spiritu
1813 1319 1851 1353 et
1871 1326 1974 1353 nunc

485 1380 524 1415 et
551 1375 592 1415 in
622 1375 756 1415 omnia
785 1374 935 1416 saecula
963 1374 1221 1425 saeculorum,
1250 1388 1378 1416 amen.

1109 1558 1167 1599 IX
1195 1557 1348 1612 (xxm).

955 1635 1108 1676 oratio
1135 1645 1220 1685 pro
1249 1636 1503 1676 fertilimte.

598 1734 631 1761 1.
663 1719 770 1761 Caeli
800 1726 838 1761 et
866 1728 989 1761 terrae
1019 1728 1183 1770 creator,
1212 1721 1277 1775 qui
1307 1721 1456 1761 caelum
1487 1720 1610 1761 choro
1639 1719 1834 1761 stellarum
1862 1735 1976 1761 coro-

485 1786 584 1826 nasti
615 1792 655 1826 et
681 1784 931 1826 luminaribus
960 1784 1166 1835 illustrasti,
1205 1786 1271 1839 qui
1304 1791 1444 1826 terram
1482 1784 1666 1826 fructibus
1695 1785 1897 1827 honorasti
1927 1786 1974 1827 ad

484 1849 689 1892 utilitatem
720 1849 941 1900 hominum,
975 1850 1041 1905 qui
1074 1848 1232 1902 largitus
1269 1863 1309 1889 es
1343 1849 1479 1903 generi
1514 1863 1535 1889 a
1569 1856 1608 1890 te
1644 1857 1774 1890 creato
1810 1848 1975 1903 desuper

483 1913 559 1956 frui
585 1913 797 1968 splendore
824 1928 868 1955 ac
897 1913 1044 1955 lumine
1073 1913 1335 1963 luminarium,
1364 1913 1410 1954 ab
1439 1914 1521 1954 imo
1551 1915 1687 1955 nutriri
1716 1928 1763 1955 ex
1788 1913 1974 1956 fructibus

483 1987 628 2030 terrae3
665 1992 701 2020 2.
731 1992 902 2029 oramuS,
931 1979 1068 2033 largire
1099 1978 1247 2033 pluvias
1275 1978 1517 2032 plenissimas
1545 1992 1589 2019 ac
1617 1977 1886 2028 feracissimas,
1915 1978 1975 2020 fac

484 2046 603 2087 etiam
632 2052 775 2086 terram
795 2043 963 2085 fructum
983 2043 1083 2085 ferre
1103 2051 1142 2085 et
1162 2043 1324 2085 multam
1344 2043 1580 2085 fertilitatem
1604 2043 1785 2085 exhibere
1814 2051 1976 2098 propter

483 2120 593 2151 tuam
622 2109 891 2151 humanitatem
920 2117 953 2149 et
973 2109 1235 2163 benignitatem
1241 2123 1258 2158 ;
1288 2121 1322 2161 3.
1353 2107 1557 2149 recordare
1579 2122 1730 2159 eorum,
1760 2109 1824 2163 qui
1848 2116 1887 2150 te
1916 2110 1975 2150 in·

484 2182 648 2225 vocant;
678 2175 832 2215 honora
859 2182 1031 2215 sanctam
1061 2182 1167 2215 tuam
1198 2181 1237 2215 et
1266 2173 1419 2214 unicam
1450 2172 1681 2215 catholicam
1702 2173 1906 2215 ecclesiam
1938 2181 1976 2215 et

487 2238 625 2282 exaudi
654 2253 788 2293 preces
816 2246 856 2280 et
884 2240 1081 2280 orationes
1116 2246 1270 2280 nostras
1305 2246 1344 2279 et
1378 2238 1542 2280 benedic
1576 2246 1718 2280 terram
1754 2240 1972 2279 universam

485 2319 555 2361 per
584 2305 832 2359 unigenitum
866 2312 977 2346 tuum
1013 2304 1142 2345 Iesum
1173 2303 1386 2353 Christum,
1422 2317 1491 2357 per
1525 2317 1642 2358 quern
1678 2302 1746 2344 tibi
1780 2303 1903 2357 gloria
1938 2310 1976 2343 et

485 2370 693 2425 imperium
724 2370 764 2410 in
794 2377 929 2411 sancto
965 2369 1098 2423 spiritu
1134 2376 1173 2410 et
1201 2382 1305 2409 nunc
1341 2376 1379 2409 et
1416 2369 1455 2408 in
1492 2369 1625 2409 omnia
1660 2367 1810 2409 saecula
1845 2381 1976 2409 saecu-

484 2434 627 2484 lorum,
657 2449 784 2476 amen.

485 2608 911 2642 orationiConstitutionum
921 2613 1026 2652 apost.
1035 2618 1094 2652 pro
1104 2618 1196 2641 ener-
1265 2607 1346 2640 26-
1352 2616 1407 2650 30:
1435 2604 1519 2645 τοὺς
1542 2609 1736 2645 νοσοῦντας
1751 2631 1758 2639 .
1777 2631 1785 2639 .
1802 2604 1900 2640 ἴασαι
1918 2632 1926 2640 .
1943 2632 1950 2640 .
1968 2632 1976 2640 .

487 2664 638 2706 gumenis
661 2662 870 2706 respondere,
900 2667 1057 2706 quatenus
1081 2662 1197 2695 ambae
1262 2659 1346 2701 τοὺς
1374 2660 1413 2695 ἐν
1433 2666 1587 2703 μακροῖς
1609 2657 1865 2703 ἅρρωστήμασι
1889 2672 1976 2703 προ-

485 2717 671 2750 orationem
684 2727 743 2759 pro
755 2716 998 2750 catechumenis
1010 2721 1196 2760 sequuntur.
1263 2714 1547 2756 κατακειμένους
1568 2710 1821 2756 ἐξανάστησον.

529 2770 601 2810 vll,
625 2779 655 2804 2.
680 2768 777 2804 ἴασαι
791 2796 798 2804 .
812 2797 819 2805 .
832 2769 915 2810 τοὺς
939 2774 1131 2810 νοσοῦντας
1146 2796 1155 2804 .
1168 2796 1177 2804 .
1189 2796 1198 2803 .
1307 2770 1364 2809 ΙΧ,
1379 2778 1407 2812 3.
1423 2765 1532 2812 ἁγίαν
1544 2788 1581 2791 --
1597 2767 1805 2811 ἐκκλησίαν]
1823 2767 1978 2800 Similiter

486 2821 690 2867 ἅνάστησοι·
711 2822 795 2864 τούς
816 2824 1114 2867 κατακειμένους]
1145 2824 1198 2857 Li·
1266 2823 1450 2856 Alexander
1462 2823 1514 2856 Al.
1527 2822 1613 2866 apud
1626 2822 1793 2856 Theodor.
1806 2822 1846 2855 H.
1858 2822 1894 2854 E.
1911 2821 1933 2862 1,
1946 2832 1976 2862 4,

487 2879 591 2923 turgia
610 2878 642 2912 S.
660 2878 771 2918 Marci,
788 2878 980 2923 Brightman
999 2878 1019 2911 1.
1038 2889 1065 2912 c.
1082 2889 1113 2922 p.
1131 2878 1199 2918 126,
1270 2888 1324 2920 533
1349 2877 1409 2911 Lit.
1435 2877 1544 2917 Marci,
1567 2876 1760 2920 Brightman
1783 2887 1813 2919 p.
1842 2875 1912 2908 126.

2018 739 2038 769 25!

2001 1257 2041 1288 10

2002 1797 2039 1825 15

1999 2120 2041 2150 20

1999 2443 2042 2473 25
