2457 3436
592 343 907 400 consum-rreum
933 368 1199 399 nom-omnim
1228 370 1277 406 vr,
1308 371 1359 408 ιε,
1381 372 1476 403 3-5.
1702 361 1780 401 343

453 464 559 515 :inab
592 464 646 507 τὰ
673 466 718 507 δὲ
750 468 963 507 τελευταῖα
996 456 1128 519 αὐτῆς
1155 466 1293 515 βλέπει
1329 466 1385 514 εἰς
1412 467 1604 519 πυθμένα
1635 464 1778 522 ᾇδου“.

452 532 473 572 ί
490 531 606 581 εἰσιν,
635 532 727 584 περὶ
746 524 809 572 οἶν
827 527 853 572 ὃ
873 530 1016 584 κύριος
1034 535 1196 583 πικρῶς
1214 532 1282 572 καὶ
1301 527 1523 584 ἀποτόμως
1541 530 1780 585 ἀπεφήνατο

463 594 530 638 ὅτι
558 597 659 638 εἰσὶν
676 594 963 648 ψευδόχριστοι
991 597 1060 637 καὶ
1078 595 1456 647 ψευδοδιδάσκαλοι,
1485 595 1525 638 οἱ
1545 595 1780 650 βλασφημή-

458 660 513 703 τὸ
527 664 687 713 πνεῦμα
712 664 788 714 τῆς
804 660 970 713 χάριτος
996 662 1064 702 καὶ
1090 658 1402 708 ἁποπτύσαντες
1430 660 1509 714 τὴν
1533 660 1632 714 παρ’
1650 660 1780 703 αὐτοῦ

476 724 579 776 μετὰ
602 724 682 779 τὴν
705 724 840 778 χάριν,
867 724 958 776 »οἷς
985 724 1065 768 οὐκ
1093 724 1343 779 ἀφεθήσεται
1371 724 1468 768 οὔτε
1495 726 1541 767 ἐν
1566 729 1630 778 τῷ
1657 727 1780 768 αἰῶνι

456 789 553 833 οὔτε
579 791 626 833 ἐν
641 795 706 844 τῷ
730 792 965 844 μέλλοντι“,
995 790 1034 833 οἱ
1062 792 1131 833 καὶ
1150 789 1354 832 Ἰουδαίων
1382 791 1684 843 δυσσεβέστεροι
1712 792 1781 832 καὶ

452 869 494 896 ον
519 851 764 907 ἀθεώτερον
810 870 850 910 4
879 855 919 897 οἱ
945 855 1049 897 θεὸν
1066 855 1144 897 τὸν
1162 856 1228 897 ἐπὶ
1253 856 1429 897 πάντων
1444 858 1781 910 βλασφημοῦντες

452 935 474 961 ν
504 920 600 963 υἱὸν
638 919 768 962 αὐτοῦ
806 925 1144 968 καταπατοῦντες
1182 922 1248 962 καὶ
1289 919 1368 972 τὴν
1405 921 1668 969 διδασκαλίαν
1702 925 1781 963 τοῦ

452 1000 522 1034 τος
540 985 821 1036 διαπτύοντες,
851 986 891 1028 οἱ
917 985 1015 1034 τοὺς
1034 989 1176 1034 θείους
1194 986 1342 1038 λόγους
1368 983 1614 1038 ἀρνούμενοι
1642 983 1667 1039 ἢ
1684 985 1781 1038 μεθ’

452 1062 543 1099 ιεως
569 1051 919 1103 προσποιούμενοι
947 1052 1147 1102 δέχεσθαι,
1184 1047 1244 1102 ἐφ’
1275 1048 1388 1102 ὕβρει
1416 1054 1520 1091 θεοῦ
1546 1053 1615 1092 καὶ
1643 1047 1779 1102 ἀπάτῃ

452 1111 674 1167 ροσιὸντων
707 1112 859 1164 αὐτοῖς,
894 1115 935 1157 οἱ
965 1114 1041 1164 τὰς
1075 1115 1185 1168 ἱερὰς
1217 1115 1375 1169 γραφὰς
1407 1115 1684 1167 ἐνυβρίζοντες
1711 1116 1781 1174 ²2²

452 1180 670 1234 καιοσύνην
703 1179 783 1231 δ,τι
817 1182 923 1223 ποτέ
947 1181 1060 1222 ἐστιν
1087 1179 1348 1234 ἀγνοοῦντες,
1383 1179 1423 1222 οἱ
1449 1179 1529 1234 τὴν
1562 1180 1782 1235 ἐκκλησίαν

453 1249 503 1287 οὗ
535 1246 846 1296 διαφθείροντες
883 1243 941 1293 ὡς
978 1244 1219 1296 ηἀλώπεκες
1253 1246 1392 1297 μικροὶ
1425 1243 1679 1297 α’μπελαῖνα“
1712 1246 1780 1287 καὶ

453 1325 473 1357 ς
504 1307 762 1351 ἀλωπέκων(
793 1309 1014 1364 γινόμενοι.
1088 1322 1125 1364 5.
1160 1306 1232 1359 οὓς
1263 1309 1428 1364 φεύγειν
1460 1306 1564 1362 ὑμᾶς
1597 1324 1780 1361 παρακα-

453 1410 454 1417 ,
488 1375 555 1417 ἵνα
581 1375 637 1428 μὴ
667 1374 814 1435 λάβᾘε
840 1376 1016 1429 βρόχους
1042 1384 1131 1424 ταῖς
1159 1374 1320 1417 ἑαυτῶν
1346 1383 1508 1427 ψυχαῖς·
1542 1372 1595 1424 ,,ὁ
1626 1386 1780 1427 συμπο-

452 1455 508 1489 νος
533 1440 614 1493 γὰρ
634 1450 777 1492 σοφοτς
804 1440 933 1492 σοφὸς
960 1440 1083 1490 ἔσται,
1114 1439 1138 1482 ὁ
1161 1441 1204 1481 δὲ
1223 1439 1576 1492 συμπορευόμενος
1605 1439 1780 1498 ἄφροσιν

452 1570 499 1605 tlt.
522 1579 575 1612 24,
599 1579 652 1610 24.
676 1590 715 1594 —
739 1574 759 1605 5
781 1570 840 1604 Mt.
869 1579 916 1612 12,
943 1579 992 1613 3²·
1018 1589 1056 1596 —
1083 1573 1123 1605 13
1146 1570 1240 1604 Cant.
1266 1579 1295 1610 2,
1322 1579 1370 1612 15.
1395 1589 1436 1594 —
1468 1573 1507 1604 15
1531 1569 1627 1603 Prov.
1655 1579 1704 1612 13,
1727 1578 1778 1602 20.

452 1676 553 1721 sinze
576 1679 596 1712 b
619 1679 641 1712 d
664 1688 683 1712 e
706 1688 727 1712 o
751 1689 758 1712 :
783 1676 876 1721 ὀρθὴ
900 1689 919 1711 a
940 1678 963 1712 h
987 1689 1007 1722 p
1030 1689 1051 1711 v
1073 1678 1165 1712 Lxx
1188 1680 1193 1721 Ι
1220 1678 1259 1712 δέ
1282 1689 1290 1711 :
1312 1677 1434 1720 μέντοι
1459 1677 1479 1711 d
1502 1688 1523 1710 v
1552 1679 1559 1719 Ι
1589 1680 1646 1718 814
1667 1680 1779 1720 βλασ-

456 1744 491 1772 tc
512 1743 534 1766 o
555 1736 559 1774 Ι
581 1737 600 1767 7
625 1731 661 1767 ot
683 1737 727 1772 >
751 1732 772 1766 h
797 1735 802 1774 1
826 1735 848 1767 8
871 1735 935 1768 τοῦ
960 1736 997 1774 -f-
1023 1727 1130 1776 ἁγίου
1152 1732 1172 1765 b
1195 1741 1217 1765 ο
1242 1735 1247 1774 Ι
1274 1735 1345 1769 9111
1370 1731 1404 1766 οὶ
1427 1729 1511 1771 τοὺς
1534 1734 1570 1765 θ.
1594 1750 1635 1755 -
1657 1728 1780 1769 αὐτοῖς

452 1797 468 1820 a
485 1786 492 1831 Ι
510 1790 532 1822 9
555 1782 579 1830 ἧ
602 1798 611 1821 :
636 1786 670 1821 oz
692 1787 713 1820 d
736 1797 755 1820 e
774 1790 778 1828 Ι
802 1790 842 1821 10
864 1786 1060 1829 dena-9012:
1085 1781 1258 1829 εὔχεσθαι
1282 1790 1317 1819 a‘
1331 1786 1351 1820 i.
1367 1797 1423 1825 m.‚
1446 1785 1586 1819 fortasse
1609 1795 1650 1818 ex
1672 1795 1702 1825 e,
1725 1785 1779 1817 ubi

453 1842 495 1875 ita
518 1841 586 1885 legi
611 1847 721 1885 potest
741 1843 745 1883 Ι
768 1845 805 1875 11
829 1837 1056 1885 προσιόντων
1078 1838 1199 1880 αὐτοῖς
1213 1852 1257 1871 Ν
1273 1851 1293 1873 ει
1312 1842 1316 1881 Ι
1340 1844 1379 1874 13
1402 1843 1465 1875 τοῦ
1482 1844 1527 1879 >
1545 1850 1564 1873 a
1586 1839 1633 1882 hl
1655 1842 1747 1873 θεοῦ
1771 1850 1778 1872 :

452 1906 461 1928 ι
479 1903 484 1936 ι
502 1892 647 1929 α’λωποὶ
668 1905 688 1928 a
709 1895 732 1928 h
752 1895 758 1937 1
776 1896 899 1939 πικροὶ
922 1893 1136 1936 ἀμπελῶνας
1158 1905 1179 1939 p
1203 1906 1223 1927 v
1242 1896 1248 1928 ἓ
1270 1895 1368 1934 13114
1391 1895 1453 1928 καὶ
1470 1906 1506 1935 μ,
1524 1891 1579 1928 ἀλ.
1596 1891 1777 1936 γινόμενοι

452 1951 485 1992 0)
505 1954 551 1988 >
576 1961 595 1982 a
615 1952 622 1990 Ι
644 1951 741 1992 14116
761 1952 1030 1992 περικαλοῦμεν
1051 1959 1081 1988 a,
1104 1959 1177 1982 corr
1199 1953 1233 1982 a²
1252 1950 1257 1989 Ι
1280 1951 1320 1983 16
1343 1946 1412 1991 γὰρ
1438 1951 1475 1988 -l-
1496 1949 1606 1990 φησὶν
1627 1948 1648 1980 d
1672 1957 1691 1980 e
1713 1946 1736 1979 h
1758 1957 1780 1980 o

452 2082 469 2103 ι.
495 2069 716 2113 Wisscnschast
743 2069 756 2102 1
784 2069 912 2113 (1900),
942 2078 1004 2113 339
1070 2068 1193 2113 populo
1217 2068 1411 2102 Iudaeorum
1440 2073 1561 2108 autem,
1593 2067 1723 2100 etiamsi
1751 2068 1781 2100 ei

452 2123 511 2157 tihi
533 2123 641 2158 Lucas
674 2122 748 2156 fons
771 2133 844 2157 esse
867 2123 1003 2157 videtur.
1069 2133 1137 2156 non
1176 2122 1327 2156 credebat
1370 2131 1510 2167 eumque
1550 2121 1711 2155 cruciabat
1748 2126 1782 2154 et

452 2178 586 2212 Domini
609 2176 689 2211 Luc.
713 2186 764 2220 23,
785 2185 825 2220 34
846 2188 913 2211 non
936 2183 1002 2210 tam
1069 2176 1332 2220 blasphemabat:
1356 2176 1537 2209 dimittetur
1559 2175 1632 2215 illis,
1655 2186 1700 2209 sc.
1722 2175 1780 2208 Mt.

452 2242 484 2266 es
516 2232 650 2266 nonnisi
684 2232 873 2264 mandatum
910 2241 1002 2275 prae·
1073 2240 1122 2270 12,
1147 2240 1196 2273 31.

469 2292 688 2330 exsequentes
703 2295 801 2330 quam
813 2285 854 2318 ad
868 2285 1003 2318 Iudaeos

452 2351 461 2373 i
482 2341 584 2374 morti
606 2340 772 2373 tradentes
790 2344 926 2383 spectat.
951 2338 1003 2373 cf.

455 2394 664 2428 Kommentar
683 2394 757 2426 tiber
776 2394 834 2427 das
855 2393 1005 2436 Evange-
1117 2402 1144 2436 3.
1168 2393 1284 2435 λέγων
1302 2386 1354 2426 ὅτι
1378 2392 1467 2435 aL]
1491 2391 1610 2430 Resch,
1628 2389 1782 2434 Agrapha

457 2449 486 2482 h.
505 2448 609 2481 Lucas
635 2448 714 2490 1883
734 2459 765 2492 p.
786 2456 863 2490 544;
883 2446 1004 2488 Belser,
1074 2448 1156 2491 1899
1171 2446 1286 2489 (Texte
1307 2446 1372 2479 und
1392 2445 1663 2487 Untersuchungen
1679 2443 1720 2482 V,
1734 2444 1782 2486 4),

452 2503 558 2536 bichte
585 2502 639 2535 des
662 2501 793 2534 Leidens
819 2502 871 2535 des
898 2501 1005 2534 Herrn
1071 2501 1237 2534 immerito
1253 2501 1305 2533 hic
1321 2500 1443 2533 dictum
1461 2498 1596 2532 Domini
1620 2508 1660 2531 ex
1683 2507 1781 2530 evan-

455 2556 530 2597 416.
576 2556 618 2589 V.
641 2562 677 2596 4⁸
697 2566 776 2589 sane
800 2556 841 2589 de
864 2556 1006 2589 cruciatu
1074 2554 1161 2599 gelio
1190 2553 1369 2597 evangeliis
1399 2552 1565 2587 canonicis
1595 2551 1702 2596 priore
1726 2551 1782 2584 de-

452 2621 555 2645 sermo
569 2610 623 2650 fin
641 2610 737 2643 verba
749 2610 926 2643 dimittetur
941 2610 1007 2643 illis
1073 2614 1260 2653 promptum
1283 2608 1429 2641 invenire
1452 2607 1512 2640 sibi
1528 2606 1616 2639 visus
1632 2600 1692 2639 est.
1730 2604 1782 2639 Cf.

452 2664 606 2700 :hristum
630 2664 664 2697 in
687 2673 783 2697 cruce
807 2664 1006 2707 pendentem
1073 2663 1194 2707 Ropes,
1222 2663 1286 2695 Die
1314 2661 1449 2706 Spracbe
1475 2661 1545 2704 jesu
1576 2658 1658 2705 1896
1687 2671 1717 2704 p.
1744 2668 1782 2702 37

452 2731 460 2753 ι
474 2725 562 2758 sinit,
587 2718 647 2752 sed
662 2728 794 2752 sensum
812 2717 1007 2761 ampliorem
1072 2717 1163 2760 (ibid.
1177 2716 1319 2758 xlv‚2).
1333 2711 1554 2758 -Ἐλλήνων
1564 2711 1783 2756 ᾰθεώτεροι]

467 2774 599 2807 Auctor
622 2784 653 2805 v.
679 2781 694 2815 3
720 2771 867 2816 exponit:
892 2771 1005 2805 haere·
1073 2770 1228 2804 Similiter
1250 2770 1402 2803 irenaeus
1425 2770 1509 2802 Adv.
1532 2768 1620 2802 haer.
1643 2768 1684 2809 11,
1700 2776 1729 2811 9,
1748 2776 1783 2807 2;

452 2828 526 2862 dem
563 2837 583 2860 a
616 2826 765 2860 Domino
796 2826 854 2859 Mt.
888 2835 936 2865 12,
969 2834 1006 2868 32
1074 2824 1168 2869 Opus
1192 2823 1321 2868 imperf.
1343 2823 1376 2857 in
1399 2822 1514 2856 Matth.
1541 2831 1591 2864 12,
1612 2831 1665 2864 45.

453 2892 524 2917 sse:
551 2891 622 2914 non
645 2881 824 2914 dimittetur
847 2880 909 2913 illis
933 2885 1006 2919 etc„
1116 2887 1147 2918 4.
1171 2878 1222 2912 Cf.
1242 2889 1270 2911 c.
1293 2887 1340 2917 io,
1361 2877 1551 2920 1;Ps.·1gn.
1567 2875 1688 2909 Philad.
1709 2885 1736 2918 3,
1752 2884 1783 2914 ⁴-

1805 1065 1846 1096 10

1804 1388 1845 1420 15
