2457 3436
905 385 1220 416 coss‘rrru‘nonus
1250 386 1521 416 mosi-omnum.
1806 376 1964 418 XXVII

512 486 542 525 in
562 483 726 524 Vaticano
754 483 795 522 in
825 495 956 536 eoque
984 482 1073 522 solo
1101 481 1295 536 leguntur.
1352 483 1534 538 Denique
1569 497 1660 525 cum
1695 484 1772 526 hoc
1806 483 1887 525 fere
1921 485 1963 525 in

510 547 653 590 omnibus
679 546 912 588 lectionibus
941 548 1151 588 consentit.
1207 547 1332 589 Pauca
1360 555 1511 589 tantum
1542 548 1731 591 exscribo.
1788 548 1831 590 In
1861 549 1964 590 libro

512 614 548 664 V,
576 625 625 665 19,
651 624 672 653 2
709 620 750 653 et
783 612 824 653 in
858 618 968 653 textu
1002 619 1041 653 et
1074 611 1116 652 in
1149 619 1243 653 nota
1279 612 1479 665 marginali
1514 612 1650 654 eadem
1686 613 1853 665 exhibet,
1888 614 1961 654 nisi

509 677 587 732 quod
607 679 641 718 in
665 677 735 718 hac
752 680 816 719 τῶ
835 678 879 718 δὲ
898 675 1092 727 σαββάτου
1110 678 1246 729 μέχρις
1265 676 1625 729 ἀλεκτοροφωνίας
1643 680 1961 730 παρατείνοντες

508 743 666 798 praemisit
692 749 731 783 et
749 755 823 795 pro
843 738 1280 800 [quroerote[g]o'aevoc
1301 740 1395 795 legit
1414 739 1738 796 ἀπονηστιςεσθε
1759 751 1798 785 et
1815 742 1964 784 litteras

507 808 657 862 praecisas
684 805 890 860 supplevit.
938 806 1078 847 Scribit
1105 820 1229 861 aeque
1257 821 1300 848 ac
1329 807 1541 848 Vaticanus
1559 807 1608 858 11,
1630 809 1693 857 28,
1715 809 1753 858 8,
1778 808 1829 858 V,
1849 810 1887 858 6,
1913 821 1964 850 10

507 871 617 922 οὐθέν,
641 871 686 921 11,
716 884 780 924 39,
811 884 848 924 3,
886 871 957 921 VI,
986 882 1051 924 27,
1082 884 1105 924 7
1139 872 1283 924 μηθέν.
1340 871 1506 913 Minime
1542 873 1658 925 igitur
1694 880 1752 914 est
1786 871 1962 922 dubium,

510 936 784 978 ottobonianum
815 950 838 976 e
868 936 1060 977 Vaticano
1090 934 1262 977 fluxisse.
1320 936 1460 978 Codex
1488 937 1631 991 passim
1662 945 1859 979 correctus
1889 944 1960 979 est.

507 1001 543 1042 ln
567 1000 647 1042 libro
674 1000 765 1042 VIII
794 1001 1022 1055 praesertim
1053 1015 1193 1042 manus
1220 1000 1391 1042 secunda
1426 1001 1615 1056 capitibus
1650 1016 1733 1043 non
1768 1003 1963 1056 inscriptis

508 1065 629 1107 titulum
666 1065 770 1107 dedit
811 1065 874 1106 vel
914 1066 1210 1120 inscriptionem
1255 1073 1472 1107 exstantem
1517 1067 1729 1107 accuratius
1772 1066 1960 1108 definivit.

509 1130 562 1172 Ex.
590 1144 636 1184 gr.
665 1131 702 1171 in
737 1131 863 1184 capite
900 1131 937 1180 8,
980 1129 1045 1172 ubi
1081 1129 1254 1172 librarius
1294 1144 1315 1172 e
1356 1130 1492 1172 codice
1530 1131 1720 1172 Vaticano
1759 1131 1962 1184 descripsit

509 1194 587 1247 εὐχὴ
606 1194 646 1247 γ’,
671 1194 839 1236 secunda
868 1209 1006 1236 manus
1034 1194 1070 1247 γ’
1100 1194 1241 1236 delevit
1269 1194 1494 1249 addiditque
1522 1194 1628 1247 ὑπὲρ
1654 1200 1743 1237 τῶν
1769 1199 1963 1246 βακτιςο·

508 1263 628 1310 μένων.
675 1260 800 1301 Verba
840 1261 974 1314 capitis
1010 1272 1031 1312 9
1069 1261 1255 1301 ineuntis:
1296 1261 1531 1312 ὲπευχέσθω
1566 1256 1643 1301 οὖν
1677 1259 1701 1301 ὁ
1738 1261 1961 1307 ἐπίσκοπος

512 1324 633 1373 τοιάδε,
655 1324 821 1366 librarius
842 1324 1021 1366 codicem
1044 1324 1221 1366 Vaticani
1251 1338 1419 1379 sequens
1448 1331 1632 1379 tanquam
1661 1325 1960 1378 inscriptionem

513 1390 631 1441 posuit3
653 1389 815 1430 secunda
845 1403 984 1430 manus
1012 1390 1231 1430 sectionem
1260 1390 1471 1443 inscripsit:
1497 1391 1730 1441 χειροθεσία
1749 1386 1854 1441 ὑπὲρ
1872 1393 1974 1446 τῶν.

512 1453 549 1494 ἐν
569 1456 743 1509 μετανοίᾳ,
772 1455 885 1496 tertia
913 1453 1103 1495 vocabulo
1129 1456 1362 1506 χειροθεσία
1389 1454 1547 1508 insuper
1575 1454 1722 1495 addidit
1749 1456 1818 1496 καὶ
1846 1451 1961 1507 εὐχή.

513 1517 661 1560 Similiter
679 1519 791 1560 verba
810 1519 945 1572 capitis
970 1531 1016 1560 12
1036 1520 1225 1561 ineuntis:
1255 1521 1354 1572 φημὶ
1373 1520 1416 1560 δὲ
1434 1518 1516 1571 ἐγώ
1536 1519 1723 1568 Ἰάκωβος
1743 1516 1766 1560 ὁ
1787 1515 1960 1571 ἀδελφὸς

512 1579 667 1624 Ἰωάννου
681 1588 753 1625 τοῦ
772 1585 1003 1634 Ζεβεδαίου,
1031 1598 1052 1624 a
1081 1584 1234 1625 librario
1263 1592 1448 1638 tanquam
1479 1584 1681 1638 inscriptio
1712 1583 1963 1634 exhibentur;

515 1646 609 1688 altera
629 1662 751 1689 manus
779 1649 819 1689 in
850 1649 1026 1702 margine
1055 1650 1256 1702 superiore
1286 1649 1455 1701 scripsit:
1487 1656 1600 1702 cappo
1618 1647 1683 1697 ιβ’,
1713 1647 1860 1689 rubrica
1880 1647 1963 1689 διά-

515 1717 605 1763 ταξις
616 1709 790 1763 Ἰακώβου
818 1717 896 1755 τοῦ
914 1713 1091 1765 ἀδελφοῦ
1119 1719 1196 1755 τοῦ
1216 1715 1444 1763 Ζεβεδαίου.
1492 1713 1656 1755 Easdem
1686 1713 1963 1767 inscriptiones

515 1776 686 1818 Turrianus
712 1778 882 1820 exhibet.
939 1778 1071 1832 Itaque
1099 1779 1281 1819 conicere
1311 1778 1412 1826 licet,
1445 1778 1548 1819 hunc
1577 1792 1662 1819 esse
1692 1786 1960 1819 correctorem

517 1841 630 1883 codicis
662 1842 716 1884 vel
755 1850 1023 1884 correctorem
1064 1844 1338 1896 inscriptiones
1382 1857 1430 1884 ex
1468 1842 1641 1884 editione
1683 1844 1855 1897 principe
1896 1842 1963 1884 de—

517 1920 693 1960 sumpsisse.

599 1976 628 2012 6.
652 1972 1007 2015 Ottobonianus
1026 1985 1116 2026 391,
1146 1973 1186 2014 in
1206 1972 1302 2013 folio
1323 1973 1491 2022 minore,
1518 1974 1754 2023 chartaceus,
1775 1972 1961 2014 soliorum

518 2036 585 2088 184,
606 2050 691 2078 saec.
706 2038 817 2087 XVI,
847 2036 915 2078 fol.
938 2050 1088 2091 1—135
1117 2038 1307 2078 maiorem
1330 2038 1671 2079 Constitutionum
1696 2045 1844 2091 partem
1867 2051 1962 2078 con-

512 2101 622 2142 tineus.
665 2103 776 2143 Liber
805 2101 928 2144 fatum
951 2103 1235 2156 iniquissimum
1268 2102 1409 2144 habuit,
1450 2103 1621 2143 Maxima
1640 2105 1850 2156 scripturae
1870 2116 1964 2157 pars

453 2164 456 2187 ⁸
510 2167 646 2217 euanuit,
678 2167 739 2209 vel
774 2181 845 2221 per
880 2181 996 2222 aquas
1025 2167 1224 2222 deperdita
1253 2175 1322 2209 est.
1381 2168 1442 2208 Ne
1472 2181 1594 2208 unum
1624 2167 1782 2222 quidem
1822 2166 1961 2208 folium

510 2231 664 2285 integrum
694 2239 765 2274 est.
825 2232 1024 2273 Foliorum
1061 2234 1237 2286 priorum
1271 2232 1352 2273 fere
1388 2232 1546 2273 dimidia
1575 2246 1660 2285 pars
1701 2232 1777 2285 legi
1814 2233 1963 2286 nequit.

507 2294 593 2337 Ordo
618 2311 772 2352 quoque
804 2298 1143 2338 Constitutionum
1175 2312 1256 2338 non
1287 2304 1345 2338 est
1379 2304 1564 2338 servatus.
1621 2296 1704 2337 Fol.
1734 2297 1804 2349 40¹²
1837 2296 1965 2337 sectio

453 2412 455 2421 Ι
502 2360 622 2416 incipit:
650 2362 970 2415 Προεφήτευσαν
998 2364 1040 2404 δὲ
1069 2365 1133 2403 καὶ
1164 2371 1349 2415 γυναῖκες
1378 2364 1401 2403 i.
1433 2376 1466 2403 e.
1494 2361 1596 2410 VIII,
1627 2373 1663 2410 2,
1695 2373 1739 2413 9;
1769 2360 1835 2402 fol.
1873 2361 1966 2401 121b

453 2427 455 2434 '
498 2425 608 2480 legitur
634 2428 740 2478 VIII,
762 2429 829 2480 46,
860 2427 926 2468 fol.
954 2429 1043 2480 124¹'
1071 2427 1117 2476 ΙΙ,
1141 2440 1189 2479 59
1212 2427 1302 2468 inde
1326 2442 1348 2468 a
1366 2441 1480 2468 versu
1500 2427 1630 2467 tertio.
1670 2425 1810 2466 Codex
1831 2426 1965 2479 itaque

494 2505 556 2534 non
580 2501 657 2534 tam
682 2493 1004 2535 constitutiones
1033 2494 1132 2546 ipsas
1163 2506 1277 2547 quam
1309 2493 1431 2545 capita
1462 2492 1591 2545 operis
1611 2490 1752 2532 selecta
1782 2490 1966 2531 exhibere

491 2557 627 2600 videtur.
689 2558 809 2607 Quae
838 2571 928 2599 cum
959 2558 1009 2599 ita
1037 2558 1128 2607 sint,
1159 2571 1318 2611 operam
1349 2556 1512 2610 perdere
1548 2556 1642 2596 mihi
1672 2555 1777 2595 visus
1806 2568 1891 2595 sum
1922 2555 1965 2594 in

481 2621 562 2665 fibro
588 2623 656 2665 diu
687 2636 865 2664 versanS.
923 2623 1062 2677 Neque
1091 2637 1188 2663 vero
1219 2621 1309 2663 inde
1339 2621 1503 2662 editioni
1542 2634 1653 2662 meae
1683 2618 1964 2660 detrimentum

479 2686 546 2730 fien’
584 2688 688 2730 mihi
726 2701 954 2742 persuasum
996 2695 1065 2729 est.
1123 2688 1320 2728 Conicere
1358 2686 1448 2727 iicet
1486 2685 1624 2726 librum
1667 2698 1714 2725 ex
1755 2682 1966 2736 exemplari

471 2752 584 2795 adbuc
611 2760 802 2796 exstante
838 2752 1052 2793 derivatum
1078 2766 1187 2793 esse.
1247 2752 1346 2793 Utut
1373 2758 1503 2792 autem
1540 2751 1635 2791 haec
1669 2762 1730 2789 res
1760 2762 1801 2789 se
1837 2746 1968 2797 habet,

468 2818 551 2860 iiber
577 2817 827 2859 recentioris
855 2818 988 2857 aetatis
1015 2825 1053 2858 et
1081 2817 1181 2858 adeo
1217 2828 1422 2869 corruptus
1454 2822 1530 2865 est,
1565 2821 1608 2855 ut
1635 2814 1698 2854 vix
1733 2812 1780 2853 ad
1815 2818 1965 2854 textum

464 2882 761 2926 recensendum
816 2881 955 2935 aliquid
1003 2881 1233 2923 contribuat.
1310 2881 1371 2922 De
1418 2880 1627 2933 scripturis,
1675 2891 1769 2932 quas
1815 2882 1969 2931 praeter
