2457 3436
876 372 1144 403 arosrononuu
1173 373 1252 408 vm,
1281 375 1332 412 10,
1354 375 1472 407 8—18.
1839 365 1915 404 491

456 481 504 509 os
526 468 710 509 ecclesiis
729 468 872 509 sanctis
890 469 970 509 suis
990 476 1157 524 praestet
1176 468 1407 519 incolumes,
1437 469 1665 521 honoratos,
1689 471 1917 525 longaevos,

471 532 667 587 praebeat
686 534 742 574 eis
761 532 982 574 honoratam
1004 541 1223 574 senectutem
1242 534 1283 575 in
1304 535 1446 589 pietate
1465 548 1509 576 ac
1534 535 1686 576 iustitia.
1735 537 1772 577 8.
1794 535 1916 577 Etiam

452 611 487 639 Ὀ
518 597 764 652 presbyteris
792 599 936 639 nostris
963 612 1136 648 oremus,
1167 606 1208 640 ut
1227 598 1425 640 Dominus
1454 598 1588 641 liberet
1616 600 1702 641 illos
1731 600 1777 641 ab
1807 603 1916 642 omni

453 663 520 718 rpi
560 670 603 704 et
638 677 754 716 prava
787 676 830 704 re
858 670 898 705 et
927 662 1117 705 concedat
1145 664 1201 705 eis
1235 664 1430 718 integrum
1467 672 1505 705 et
1542 664 1778 706 honoratum
1814 679 1918 720 pres-

452 728 636 770 rterium.
685 740 723 780 9.
753 728 829 769 Pro
856 728 1039 770 universo
1060 727 1206 770 Christi
1232 727 1415 770 diaconio
1435 743 1479 770 ac
1507 730 1723 771 ministerio
1743 743 1917 781 oremus,

453 827 455 833 ,
485 792 699 834 Dominus
732 792 966 847 inculpatam
1001 793 1093 847 ipsis
1127 792 1308 846 largiatur
1343 794 1683 835 ministrationem.
1747 807 1805 836 10.
1840 795 1917 836 Pro

452 857 651 908 ctoribus,
685 857 920 908 cantoribus,
952 858 1178 911 virginibus,
1211 857 1335 899 viduis
1375 865 1414 899 et
1451 858 1602 913 pupillis
1632 873 1809 910 oremus;
1846 874 1918 915 pro

452 936 473 972 ι,
504 923 579 977 qui
609 922 651 964 in
682 923 935 964 matrimonio
965 930 1003 964 et
1031 922 1242 964 liberorum
1272 924 1544 977 procreatione
1566 924 1711 973 vivunt,
1741 937 1916 975 oremus,

452 1001 458 1028 ι
497 986 707 1028 Dominus
744 988 971 1029 misereatur
1009 1000 1148 1029 eorum
1184 988 1379 1029 omnium.
1441 1001 1500 1029 11.
1538 989 1615 1029 Pro
1651 989 1838 1030 eunuchis
1880 991 1916 1030 in

452 1052 631 1094 nctitate
658 1052 941 1094 ambulantibus
969 1065 1149 1103 oremus;
1183 1066 1254 1106 pro
1284 1053 1342 1103 iis,
1371 1053 1437 1107 qui
1467 1054 1736 1095 continentem
1766 1062 1806 1096 et
1834 1055 1919 1096 reli-

452 1130 580 1158 tosam
610 1125 734 1171 agunt
759 1118 893 1167 vitam,
924 1131 1095 1159 oremus.
1151 1130 1212 1159 12.
1241 1118 1319 1159 Pro
1348 1118 1406 1168 iis,
1436 1119 1501 1172 qui
1531 1119 1570 1159 in
1597 1126 1727 1160 sancta
1758 1119 1918 1161 ecclesia

452 1181 649 1224 elationes
676 1182 821 1224 faciunt
840 1189 879 1224 et
899 1181 1171 1236 eleemosynas
1190 1182 1420 1236 pauperibus
1441 1182 1546 1233 dant,
1575 1197 1734 1225 oremus
1742 1199 1753 1235 ;
1783 1191 1823 1225 et
1845 1197 1917 1238 pro

452 1261 482 1298 s,
512 1248 582 1301 qui
603 1247 783 1288 Domino
802 1247 893 1288 Deo
922 1254 1060 1289 nostro
1090 1246 1235 1289 hostias
1256 1256 1294 1290 et
1324 1248 1512 1302 primitias
1531 1247 1714 1298 offerunt,
1744 1262 1917 1298 oremus,

452 1320 466 1354 t
494 1312 611 1354 Deus
638 1312 811 1366 optimus
846 1319 1117 1353 remuneretur
1145 1326 1215 1353 eos
1252 1312 1478 1354 caelestibus
1506 1314 1584 1354 suis
1613 1314 1744 1366 gratiis
1775 1313 1918 1368 detque

453 1391 471 1418 s
510 1377 554 1418 in
597 1377 788 1432 praesenti
822 1376 1045 1431 centuplum
1081 1385 1120 1419 et
1154 1378 1193 1418 in
1230 1377 1362 1419 futuro
1397 1379 1515 1419 vitam
1555 1385 1766 1428 aeternam,
1804 1386 1919 1433 atque

453 1449 553 1483 onet
572 1442 666 1496 ipsis
685 1455 757 1496 pro
776 1442 1022 1497 temporariis
1042 1449 1210 1492 aeterna,
1239 1456 1311 1496 pro
1331 1443 1494 1484 terrenis
1515 1442 1705 1484 caelestia.
1759 1455 1816 1495 13.
1837 1443 1917 1484 Pro

452 1520 569 1548 ecens
597 1506 792 1561 baptizatis
820 1506 997 1548 fratribus
1016 1509 1162 1548 nostris
1181 1521 1354 1558 oremus,
1384 1515 1425 1548 ut
1445 1507 1642 1548 Dominus
1662 1521 1732 1548 eos
1752 1506 1916 1548 stabiliat

453 1578 471 1612 t
487 1570 633 1613 firmet.
679 1584 740 1625 14.
761 1571 838 1613 Pro
857 1571 1034 1613 fratribus
1054 1573 1199 1613 nostris
1219 1571 1318 1613 mala
1337 1571 1557 1613 valetudine
1577 1571 1727 1613 afflictis
1747 1586 1918 1622 oremuS,

452 1644 475 1678 tt
500 1636 700 1678 Dominus
733 1636 868 1678 liberet
902 1636 989 1678 illos
1023 1638 1126 1678 omni
1156 1637 1282 1678 morbo
1309 1645 1342 1678 et
1377 1638 1479 1678 omni
1511 1637 1692 1690 languore
1725 1650 1919 1691 sanosque

452 1702 609 1742 estimat
626 1708 781 1742 sanctae
799 1715 892 1742 suae
911 1700 1108 1743 ecclesiae.
1155 1714 1214 1754 15.
1239 1702 1316 1743 Pro
1336 1701 1606 1755 navigantibus
1628 1708 1666 1742 et
1686 1703 1758 1743 iter
1778 1700 1919 1742 haben-

453 1765 534 1807 ibus
553 1779 732 1818 oremus;
761 1780 832 1821 pro
856 1767 916 1816 iis,
944 1767 1010 1821 qui
1039 1768 1079 1807 in
1108 1766 1283 1817 metallis,
1314 1767 1449 1817 exiliis,
1479 1766 1666 1808 custodiis
1697 1774 1735 1807 et
1755 1766 1917 1807 vinculis

452 1838 592 1884 propter
624 1845 773 1872 nomen
802 1831 968 1872 Domini
1002 1839 1216 1881 versantur,
1251 1846 1429 1881 oremus;
1459 1846 1531 1886 pro
1565 1831 1701 1873 acerba
1736 1832 1919 1872 servitute

452 1896 629 1950 oppressis
643 1909 815 1938 oremus,
857 1898 917 1937 16.
937 1896 1014 1937 Pro
1035 1896 1202 1938 inimicis
1223 1903 1261 1938 et
1284 1896 1379 1937 odio
1401 1896 1628 1938 habentibus
1650 1910 1723 1937 nos
1741 1910 1919 1946 oremus;

452 1972 508 2012 pro
526 1960 824 2016 persequentibus
851 1975 917 2002 nos
937 1968 1089 2016 propter
1112 1975 1242 2002 nomen
1269 1961 1428 2002 Domini
1454 1975 1626 2011 oremuS,
1656 1968 1698 2002 ut
1724 1961 1919 2002 Dominus

452 2025 610 2078 mitigato
650 2039 786 2067 eorum
832 2024 963 2067 furore
1002 2025 1161 2080 dissipet
1198 2027 1292 2067 iram
1332 2025 1515 2067 adversus
1556 2040 1629 2067 nos
1670 2027 1917 2067 concitatam.

454 2100 500 2142 17.
528 2090 603 2132 Pro
623 2091 682 2141 iis,
711 2091 776 2145 qui
795 2090 890 2132 foris
910 2099 1001 2132 sunt
1021 2098 1060 2132 et
1080 2104 1211 2132 errore
1230 2091 1436 2141 ducuntur,
1465 2104 1636 2141 oremus,
1662 2098 1703 2132 ut
1723 2091 1918 2132 Dominus

452 2152 519 2195 illos
545 2162 759 2197 convertat.
823 2157 882 2197 18.
911 2155 1120 2197 Infantiam
1149 2155 1333 2197 ecclesiae
1362 2155 1628 2206 recordemur,
1657 2164 1699 2197 ut
1721 2156 1918 2197 Dominus

452 2221 561 2261 cosin
578 2221 723 2262 timore
743 2234 817 2262 suo
838 2219 973 2262 reddat
993 2219 1185 2275 perfectos
1206 2228 1244 2261 et
1263 2221 1315 2261 ad
1333 2234 1544 2261 mensuram
1566 2223 1699 2262 aetatis
1719 2220 1914 2274 perducat.

452 2350 477 2383 ει
498 2345 517 2384 ὁ
538 2355 582 2389 >
606 2350 626 2383 d
645 2352 650 2392 ι
671 2347 803 2389 αὐτοῦς
826 2353 863 2390 -ι-
889 2347 963 2384 ‹ini›
984 2349 1092 2392 <1123
1113 2352 1174 2384 και
1197 2355 1241 2389 >
1265 2361 1298 2383 m
1318 2352 1385 2392 125
1409 2353 1471 2384 τοῦ
1494 2355 1538 2389 >
1557 2361 1575 2382 a
1594 2351 1600 2392 ι
1620 2353 1715 2386 27]·28
1738 2345 1826 2390 ὑπὲρ
1850 2353 1922 2382 τῶν

452 2404 469 2436 Ι.
490 2422 526 2429 -
549 2407 744 2447 ὀεηθῶμεν
764 2408 807 2443 >
827 2404 849 2436 h
868 2407 873 2444 Ι
893 2407 937 2438 28
958 2401 1084 2447 κύριος·
1108 2408 1144 2444 -1-
1170 2399 1190 2437 ὅ
1216 2402 1303 2443 θεὸς
1324 2405 1355 2444 d,
1380 2404 1436 2437 sed
1460 2405 1557 2437 etiam
1582 2404 1700 2436 delevit
1720 2405 1724 2444 1
1746 2406 1786 2436 29
1810 2401 1920 2446 ὀργὴν

452 2460 476 2497 4-
498 2460 689 2501 δεηθῶμεν
711 2468 746 2491 nt
770 2459 877 2499 ν130
899 2454 919 2492 ὃ
943 2463 986 2497 >
1010 2458 1030 2490 d
1054 2458 1159 2501 h131
1187 2457 1378 2501 ἐκκλησίας
1403 2462 1440 2496 4
1468 2457 1568 2501 ἡμῶν
1591 2454 1675 2499 <115
1698 2462 1742 2496 >
1766 2457 1786 2488 d

481 2619 525 2643 12.
539 2610 590 2644 cf.
603 2610 769 2654 Liturgiae
782 2610 814 2644 S.
829 2610 936 2644 Basilii
949 2615 982 2644 et
993 2610 1026 2644 S.
1037 2610 1142 2655 Chry·
1211 2610 1250 2645 ἐν
1271 2607 1471 2653 μετάλλοις,
1495 2609 1534 2643 ἐν
1552 2613 1722 2652 σκληραῖς
1744 2610 1922 2648 δουλείαις

453 2665 568 2698 ostomi
585 2665 635 2698 ed.
652 2664 852 2704 Hammond,
876 2664 1037 2709 Liturgies
1062 2665 1143 2708 1878
1211 2691 1219 2699 .
1236 2691 1244 2699 .
1261 2661 1491 2706 κελευόμεθα
1509 2661 1569 2697 τὸν
1590 2661 1677 2697 θεὸν
1688 2667 1919 2704 παρακαλεῖν.

452 2729 469 2750 ι.
492 2720 667 2762 117-118.
1211 2719 1258 2752 Ex
1274 2719 1336 2752 hoc
1354 2719 1428 2752 loco
1451 2718 1640 2761 praesertim
1658 2717 1773 2756 elucet,
1797 2717 1920 2760 liturgi-

481 2781 611 2815 14-15.
634 2773 687 2807 Cf.
701 2784 730 2807 c.
746 2782 795 2813 12,
807 2782 859 2815 45.
883 2773 1144 2818 Chrysostomus
1210 2784 1264 2806 am
1277 2772 1556 2807 Constitutionum
1575 2773 1688 2804 aetatis
1706 2772 1819 2816 prioris
1837 2782 1920 2808 esse,

452 2825 486 2859 )e
506 2828 664 2871 incompr.
682 2828 746 2860 Dei
767 2834 832 2860 nat.
856 2828 945 2860 hom.
962 2826 1018 2867 111,
1033 2826 1054 2860 6
1076 2827 1142 2870 (ed.
1209 2837 1406 2871 quamquam
1423 2832 1536 2859 auctor
1553 2826 1660 2869 operis
1676 2826 1830 2858 nonnulla
1850 2836 1920 2857 mu-

452 2879 549 2915 3ened.
572 2881 598 2920 1,
621 2881 718 2923 468):
743 2878 832 2922 ὑπὲρ
854 2884 927 2915 τῶν
949 2880 988 2916 ἐν
1011 2878 1144 2923 νόσοις,
1209 2888 1297 2914 tasse
1320 2880 1372 2913 vel
1395 2880 1555 2912 addidisse
1580 2880 1759 2912 censendus
1784 2885 1844 2912 est.

1945 1065 1983 1096 10

1945 1388 1984 1419 15

1941 2035 1983 2065 25
