2457 3436
478 350 575 392 XIV
1088 363 1366 393 monmouzm.

477 458 641 500 videtur.
690 459 926 500 Versionem
956 458 1129 509 latinam,
1159 473 1275 514 quam
1306 475 1352 500 ex
1381 459 1562 501 versione
1592 459 1740 513 anglica
1768 474 1788 501 a
1815 460 1973 513 Marga-

479 531 560 564 reta
590 523 740 564 Gibson
772 531 898 577 parata
928 524 1088 574 institui,
1118 524 1160 565 E.
1181 523 1316 565 Nestle
1345 523 1487 565 collato
1517 531 1624 565 textu
1653 525 1805 579 syriaco
1836 524 1976 576 benig-

479 589 638 630 nissime
669 590 848 630 correxit.
905 588 1091 630 particula
1121 588 1215 630 haec
1247 597 1321 630 est:

585 654 629 695 In
659 654 823 695 nomine
852 654 968 707 patris
998 654 1283 708 omnipotentis
1318 661 1357 695 et
1384 654 1490 695 verbi
1520 654 1666 696 aeterni
1702 661 1741 695 et
1770 655 1873 695 unici
1904 654 1974 696 filii

479 726 518 759 et
546 719 700 772 spiritus
728 719 862 768 sancti,
898 719 1012 759 unius
1041 719 1120 759 veri
1151 719 1238 760 Dei.
1296 719 1507 772 Incipimus
1536 718 1703 761 scribere
1731 719 1870 760 librum
1907 720 1975 759 Di-

479 782 676 833 dascaliae‚
706 791 748 824 ut
775 783 897 824 sancti
926 783 1092 838 apostoli
1124 784 1285 824 Domini
1315 785 1439 825 nostri
1469 783 1582 825 nobis
1612 784 1892 825 ordinaverunt
1923 783 1974 826 de

479 847 680 901 praefectis
709 855 862 889 sanctae
893 848 1089 899 ecclesiae,
1119 856 1158 890 et
1186 862 1357 890 canones
1388 856 1426 890 et
1453 848 1574 903 leges,
1613 856 1654 890 ut
1683 849 1975 890 constituerunt

478 913 517 953 in
549 927 609 953 ea.

587 977 673 1018 Nos
714 978 843 1031 igitur,
884 977 1092 1019 duodecim
1135 978 1302 1032 apostoli
1339 979 1442 1019 unici
1478 977 1559 1029 filii,
1601 977 1707 1019 verbi
1741 979 1973 1032 sempiterni

478 1042 567 1092 Dei,
601 1042 766 1083 Domini
795 1050 834 1084 et
862 1043 937 1084 Dei
973 1051 1011 1084 et
1046 1042 1244 1084 salvatoris
1274 1043 1399 1084 nostri
1429 1043 1516 1084 lesu
1547 1043 1706 1093 Christi,
1741 1043 1973 1096 congregati

478 1108 683 1149 unanimes
713 1107 999 1161 Hierosolymis
1027 1108 1067 1148 in
1097 1107 1191 1149 urbe
1219 1109 1353 1161 magni
1387 1109 1503 1161 regis,
1540 1115 1578 1149 et
1612 1108 1817 1149 nobiscum
1854 1106 1972 1149 frater

479 1179 615 1213 noster
639 1171 779 1213 Paulus
802 1171 1002 1226 apostolus
1031 1173 1206 1226 gentium
1239 1181 1278 1213 et
1296 1172 1459 1214 Iacobus
1489 1173 1693 1226 episcopus
1723 1171 1825 1231 urbis
1855 1187 1971 1227 supra

479 1244 733 1288 memoratae,
763 1237 1000 1278 instituimus
1021 1237 1120 1278 hanc
1141 1237 1412 1287 Didascaliam,
1443 1238 1483 1278 in
1503 1251 1579 1292 qua
1598 1238 1851 1278 continentur
1876 1251 1972 1279 con-

479 1300 595 1342 fessio
632 1308 672 1342 et
707 1300 818 1351 fides,
859 1309 898 1343 et
934 1303 1223 1343 nominavimus
1259 1316 1400 1343 omnes
1436 1302 1594 1343 ordines
1629 1302 1748 1342 instar
1783 1301 1971 1343 ordinum

479 1365 716 1416 caelestium,
746 1373 785 1408 et
814 1366 957 1408 eodem
989 1366 1110 1408 modo
1141 1368 1279 1408 iterum
1311 1367 1469 1408 ordines
1498 1374 1653 1408 sanctae
1677 1366 1875 1408 ecclesiae.
1924 1366 1972 1407 Et

479 1429 727 1481 confitemur,
763 1438 804 1473 ut
832 1432 1095 1486 unusquisque
1123 1439 1200 1473 stet
1229 1439 1267 1473 et
1296 1431 1527 1473 confiteatur
1557 1440 1595 1473 et
1623 1430 1766 1481 credat,
1803 1432 1901 1472 sicut
1934 1431 1971 1472 ei

478 1510 499 1536 a
528 1496 618 1537 Deo
647 1495 911 1550 dispensatum
942 1504 1011 1545 est,
1048 1497 1123 1538 hoc
1161 1504 1218 1538 est
1254 1497 1460 1551 episcopus
1499 1504 1541 1537 ut
1570 1504 1714 1551 pastor,
1752 1495 1969 1550 presbyteri

479 1568 521 1602 ut
541 1560 737 1612 doctores,
758 1560 911 1602 diaconi
932 1568 972 1602 ut
989 1562 1166 1611 ministri,
1187 1560 1413 1602 subdiaconi
1434 1568 1477 1602 ut
1497 1560 1706 1612 adiutores,
1727 1568 1969 1614 anagnostae

478 1633 520 1667 ut
541 1626 719 1676 lectores,
743 1633 922 1667 cantores
943 1634 984 1667 ut
1006 1626 1224 1679 psalmistae
1245 1625 1513 1679 intellegentes
1534 1633 1573 1667 et
1593 1633 1830 1675 constantes,
1852 1633 1971 1679 atque

479 1690 614 1745 reliqui
644 1690 829 1731 laicorum
858 1692 937 1732 sint
965 1691 1162 1733 auditores
1191 1690 1399 1733 verborum
1432 1690 1622 1744 evangelii
1651 1692 1690 1731 in
1712 1690 1970 1744 disciplinam.

479 1755 526 1796 Et
553 1762 759 1810 postquam
790 1754 1023 1810 perfecimus
1051 1770 1094 1796 ac
1124 1755 1441 1797 confirmavimus
1471 1756 1545 1797 hos
1567 1750 1756 1805 canones,v
1781 1768 1851 1795 eos
1871 1768 1970 1796 con-

479 1820 674 1861 stituimus
708 1820 748 1860 in
783 1819 956 1861 ecclesia.
1012 1820 1059 1861 Et
1094 1834 1198 1861 nunc
1232 1820 1455 1874 scripsimus
1492 1821 1594 1862 hunc
1629 1819 1790 1861 alterum
1828 1818 1970 1860 librum

479 1883 692 1935 doctrinae,
722 1885 788 1939 qui
815 1883 1006 1926 illuminet
1035 1899 1198 1926 omnem
1218 1891 1360 1926 terram
1383 1884 1643 1935 habitabilem,
1674 1897 1842 1939 eumque
1864 1885 1972 1925 misi-

479 1963 567 1990 mus
596 1962 665 2002 per
693 1963 832 1990 manus
853 1949 1069 1990 Clementis
1097 1951 1193 1990 socii
1217 1950 1353 1991 nostri.
1402 1949 1448 1990 Et
1468 1949 1544 1990 hoc
1564 1955 1635 1999 est,
1666 1948 1772 2003 quod
1793 1948 1971 1999 audiatis,

479 2027 504 2054 o
536 2013 742 2054 Christiani
772 2014 975 2064 Nazareni,
1003 2014 1069 2069 qui
1098 2014 1189 2055 estis
1217 2013 1288 2054 sub
1316 2013 1414 2064 sole,
1445 2020 1482 2054 et
1512 2013 1666 2054 discatis
1695 2012 1901 2066 diligenter
1933 2020 1972 2055 et

479 2085 666 2120 accurate.
723 2079 770 2120 Et
797 2079 862 2133 qui
891 2078 996 2120 audit
1026 2085 1064 2119 et
1093 2079 1273 2120 observat
1303 2079 1395 2119 haec
1426 2085 1630 2132 praecepta
1659 2079 1700 2119 in
1729 2078 1799 2119 hac
1828 2077 1972 2119 Didas-

481 2143 573 2184 calia
601 2143 754 2197 scripta,
789 2143 942 2185 habebit
971 2145 1089 2185 vitam
1119 2145 1398 2198 sempiternam
1427 2151 1542 2198 atque
1572 2157 1753 2196 magnam
1785 2142 1973 2185 fiduciam

479 2215 568 2250 ante
603 2207 737 2249 sedem
772 2208 988 2249 iudicialem
1025 2208 1188 2249 Domini
1224 2209 1345 2250 nostri
1381 2208 1469 2249 Iesu
1500 2208 1646 2249 Christi
1681 2206 1748 2247 filii
1777 2207 1866 2257 Dei,
1904 2209 1974 2262 qui

479 2287 554 2314 nos
583 2272 718 2314 docuit
744 2272 793 2314 de
822 2287 968 2327 magno
997 2274 1199 2327 mysterio,
1235 2272 1341 2328 quod
1377 2280 1435 2314 est
1464 2273 1548 2327 ipsi.
1605 2271 1652 2313 Et
1680 2272 1744 2325 qui
1774 2273 1975 2313 contenti-

480 2352 573 2379 osus
602 2344 662 2379 est
691 2352 818 2393 neque
847 2337 1027 2380 observat
1056 2352 1113 2388 ea,
1150 2339 1308 2379 cicietur
1337 2339 1442 2393 quasi
1472 2337 1711 2378 adversarius
1740 2344 1777 2377 et
1810 2337 1976 2387 rixator,

480 2410 521 2444 ut
549 2404 736 2457 scriptum
765 2411 840 2445 est:
872 2402 971 2444 mala
999 2402 1183 2444 facientes
1211 2402 1321 2444 ibunt
1345 2403 1384 2442 in
1404 2410 1647 2443 tormentum
1670 2402 1975 2455 sempiternum,

479 2476 518 2510 et
547 2468 651 2509 bona
678 2468 860 2509 facientes
889 2469 1007 2509 vitam
1038 2468 1316 2522 sempiternam
1348 2466 1618 2508 hereditabunt
1651 2467 1691 2507 in
1729 2479 1853 2519 regno
1883 2479 1974 2507 cae-

478 2532 607 2574 lorum
639 2532 796 2587 (Matth.
827 2545 892 2585 25,
921 2533 1009 2587 46).
