2457 3436
569 371 888 403 coxsrrrunonns
914 373 1182 403 Avos'ronomm
1210 374 1260 411 vt,
1288 376 1341 412 27,
1364 375 1420 407 8—
1429 376 1482 412 28,
1507 377 1535 406 1.
1721 364 1800 404 375

452 485 456 508 z
485 470 556 510 καὶ
584 472 690 509 νοῦν
718 464 797 510 οῦκ
823 468 980 521 ἔχοντα.
1029 470 1067 511 8.
1096 467 1192 511 οὔτε
1220 470 1264 511 δὲ
1288 471 1414 522 κῆδος
1441 466 1674 522 ἀνθρώπου
1703 469 1801 512 οὔτε

480 537 633 586 νεκροῦ
660 532 756 575 οὔτε
783 538 921 588 μνῆμα
949 531 1045 576 οὔτε
1074 533 1237 577 τοιόνδε
1252 537 1398 585 βρῶμα
1425 534 1522 576 οὔτε
1551 533 1800 588 ὄνειρωγμὸς

474 598 648 640 δύναται
676 597 910 650 ἀνθρώπου
937 598 1084 651 ψυχήν,
1113 596 1217 640 ἀλλὰ
1236 600 1343 653 μόνη
1372 596 1532 648 ἀσέβεια
1559 596 1584 651 ἡ
1611 600 1665 647 εἰς
1695 599 1801 641 θεὸν

452 666 641 716 :monia
666 665 736 705 καὶ
763 661 790 717 ἡ
817 664 874 711 εἰς
902 664 980 706 τὸν
1001 666 1174 718 πλησίον
1196 663 1343 712 ἀδικία,
1373 666 1477 717 λέγω
1504 663 1554 716 δὴ
1584 661 1746 717 ἁρπαγὴ
1775 662 1801 716 ἢ

458 729 496 770 εἴ
520 745 563 771 τι
589 729 783 771 ἐναντίον
815 733 888 783 τῆς
916 725 1046 772 αὐτοῦ
1074 728 1344 783 δικαιοσύνης,
1377 732 1532 782 μοιχεία
1564 726 1589 781 ἢ
1617 732 1799 780 πορνεία.

452 794 605 836 XVIII.
625 792 751 836 Ὅθεν
777 794 831 835 τὰ
848 799 1023 836 τοιαῦτα
1040 794 1343 848 περιϊστάμενοι
1365 793 1687 848 παρατηρήματα
1705 794 1801 846 φεύ-

452 858 661 913 ἰγακητοὶ·
690 857 882 912 ἑλληνικὰ
910 859 988 913 γὰρ
1007 859 1203 913 τυγχάνει.
1251 858 1348 902 οὔτε
1375 858 1454 913 γὰρ
1482 860 1561 901 τὸν
1584 864 1800 902 τεθνεῶτα

452 925 630 977 ῖσόμεθα,
673 921 731 971 ὥς
767 926 929 974 ἐκεῖνοι,
967 925 1206 977 ἐλπίζοντες
1230 921 1361 966 αὐτὸν
1395 925 1522 967 πάλιν
1558 923 1800 975 ἀναβιῶναι,

452 989 514 1044 τὴν
539 989 717 1042 νόμιμον
743 993 854 1042 μίξιν
883 992 1120 1042 κακίζομεν·
1149 990 1249 1038 ἔθος
1276 990 1354 1043 γὰρ
1381 989 1523 1037 αὐτοῖς
1551 989 1603 1031 τὰ
1630 994 1801 1031 τοιαῦτα

452 1070 480 1096 ν.
524 1059 631 1097 θεοῦ
657 1055 738 1107 γὰρ
755 1054 896 1107 γνώμῃ
917 1051 1069 1107 ἀνδρὸς
1096 1057 1165 1096 καὶ
1187 1055 1381 1107 γυναικὸς
1399 1056 1627 1102 συνέλευσις
1645 1059 1800 1113 γίνεται

452 1119 761 1174 ὶδικαιοσύνης·
792 1118 843 1170 ,,ὁ
864 1119 1067 1172 ποιήσας“
1093 1120 1171 1173 γὰρ
1198 1116 1300 1169 „dx’
1316 1116 1440 1173 ἀρχῆς
1458 1119 1583 1172 ἄρσεν
1605 1122 1673 1161 καὶ
1692 1124 1801 1172 θῆλυ

453 1197 499 1227 ἐν
523 1183 718 1235 αὐτοὺς“,
755 1188 825 1227 καὶ
851 1182 1022 1246 &RQ
1023 1200 1069 1227 εν
1096 1181 1248 1233 αὐτοὺς
1274 1186 1343 1226 καὶ
1370 1183 1500 1227 εἶπεν·
1536 1182 1801 1237 ,,Αὖξάνεσθε

452 1249 574 1310 Q'
575 1255 675 1293 εσθε
701 1252 772 1291 καὶ
798 1250 1043 1311 πληρώσατε
1069 1250 1148 1303 τὴν
1173 1254 1287 1304 γῆν“.
1343 1251 1379 1291 εἰ
1405 1253 1550 1291 τοίνυν
1578 1254 1682 1292 θεοῦ
1708 1253 1802 1300 βου-

452 1315 688 1368 καραλλαγὴ
718 1315 934 1369 σχημάτων
966 1317 1132 1369 γέγονεν
1159 1315 1267 1368 πρὸς
1302 1317 1459 1368 γένεσιν
1485 1316 1687 1369 πλήθους,
1723 1314 1802 1376 dog

452 1380 521 1432 τὴν
547 1376 680 1421 αὖτοῦ
706 1379 874 1440 γνώμην
901 1382 969 1422 καὶ
996 1378 1021 1434 ἢ
1051 1383 1281 1428 συνέλευσις
1308 1386 1386 1422 τοῦ
1415 1379 1585 1433 ἄρρενος
1617 1380 1722 1433 πρὸς
1748 1380 1800 1423 τὸ

468 1443 686 1500 (XXVIII)
716 1442 860 1504 οὐκέτι
893 1447 937 1487 δὲ
965 1448 1033 1487 καὶ
1065 1443 1091 1496 ἢ
1118 1446 1231 1497 ,παρὰ
1263 1445 1388 1496 φύσιν
1420 1445 1619 1497 βδελυκτὴ
1646 1451 1749 1497 μῖξις
1776 1443 1801 1496 ἢ

464 1530 617 1586 Levsn.
641 1572 682 1578 —
706 1556 727 1588 9
750 1552 828 1587 Lev.
857 1554 906 1593 18,
929 1562 980 1594 24.
1006 1573 1046 1578 —
1071 1558 1111 1588 11
1135 1554 1193 1587 Mt.
1221 1563 1271 1599 19,
1293 1563 1324 1594 4.
1348 1573 1389 1578 —
1415 1557 1455 1588 12
1478 1553 1563 1586 Gen.
1590 1563 1617 1593 1,
1642 1554 1692 1586 28.

467 1639 508 1673 δέ
535 1652 543 1672 :
572 1638 642 1683 γὰρ
670 1639 702 1679 b,
730 1644 774 1679 >
797 1640 819 1672 d
847 1650 868 1683 p
898 1642 903 1682 Ι
934 1643 1043 1683 κῆδος
1070 1652 1078 1673 :
1107 1640 1128 1674 i.
1152 1650 1196 1673 m.
1226 1640 1247 1673 d
1277 1636 1296 1683 ἡ
1324 1637 1527 1683 σνναλλαγὴ
1557 1642 1621 1675 τοῦ
1651 1637 1799 1682 γάμονΙ

452 1688 1797 1738 ιάρζόνεὶρωξιςρνΙΒμόνηεμόνονρν,ψῆἀὴ1ἧ>δρν1

468 1745 1547 1791 ρΙῆ>ἀερν112καὶεῖπεντεἷπώνά116ἢ>ὶι

453 1833 544 1867 ants
562 1835 568 1870 Ι
587 1836 683 1874 23124
700 1833 810 1867 dilecti
827 1834 850 1867 S
867 1834 895 1867 C
915 1836 921 1876 Ι
940 1838 983 1869 26
1001 1840 1113 1878 putare
1135 1834 1157 1867 S
1175 1847 1182 1867 :
1201 1845 1331 1878 sperare
1349 1834 1376 1867 L
1395 1836 1401 1876 Ι
1420 1837 1520 1875 26s27
1538 1834 1776 1878 inquinationes
1794 1846 1800 1866 :

452 1898 489 1921 os
504 1888 671 1921 continere
687 1893 821 1932 propter
836 1889 895 1922 has
913 1899 965 1922 res
983 1888 1006 1922 S
1026 1891 1029 1930 !
1051 1892 1091 1922 27
1108 1889 1357 1932 segregationes
1374 1894 1428 1922 aut
1443 1893 1487 1927 >
1506 1888 1529 1922 S
1549 1890 1554 1930 Ι
1573 1891 1616 1922 28
1639 1889 1728 1921 enim
1744 1888 1767 1921 S
1794 1891 1798 1930 Ι

458 1953 466 1974 ;
490 1942 516 1975 si
539 1942 609 1985 quis
632 1942 759 1975 accedit
782 1943 822 1975 ad
845 1942 868 1976 S

453 2018 601 2051 naledicto
611 2038 653 2044 —
658 2019 841 2063 possidebis]
849 2018 940 2051 Hanc
952 2029 1025 2062 par·
1091 2031 1167 2062 γων
1188 2038 1233 2044 -
1253 2015 1360 2053 ἄδικα
1383 2023 1427 2058 >
1445 2019 1480 2063 ρ]
1504 2021 1550 2060 ν).
1586 2018 1638 2051 De
1661 2018 1802 2053 nefando

464 2070 607 2105 Corssen
631 2071 739 2105 Latini
764 2073 862 2105 verba
885 2083 1024 2117 sequens
1091 2083 1204 2107 amore
1227 2083 1414 2116 puerorum,
1444 2073 1613 2112 adulterio,
1638 2072 1802 2106 fornicati-

452 2135 500 2159 =ce
514 2126 670 2159 restituit:
695 2127 757 2159 καὶ
774 2123 839 2168 τὴν
854 2125 947 2161 κατὰ
963 2130 1026 2169 τῆς
1092 2137 1156 2160 one
1171 2128 1221 2170 (et
1236 2127 1470 2160 commixtione
1486 2137 1561 2160 cum
1579 2126 1701 2167 bestiis,
1715 2128 1802 2171 quod

452 2192 480 2219 ις
501 2182 561 2214 καὶ
581 2184 647 2215 τοῦ
671 2178 736 2220 τὰς
760 2179 922 2223 εὐλογίας
950 2183 1026 2215 δια·
1093 2181 1172 2214 haec
1196 2181 1259 2214 sint
1281 2180 1402 2224 flagitia
1426 2186 1539 2214 contra
1562 2186 1721 2220 naturam,
1750 2181 1803 2213 illa

453 2246 519 2274 τος
537 2240 611 2274 τοῖς
626 2232 745 2275 ἀξίοις
760 2236 918 2277 Χριστοῦ
941 2247 1026 2269 κατ·
1092 2235 1201 2279 iniqua
1222 2240 1255 2268 et
1278 2235 1407 2274 iniusta,
1431 2240 1463 2268 et
1481 2244 1579 2279 quare
1597 2235 1802 2276 unumquod-

452 2286 695 2332 αρτυρόμενος
718 2287 877 2332 κατάρας
897 2292 1026 2332 κληρο-
1093 2298 1155 2333 que
1168 2299 1283 2322 eorum
1295 2289 1501 2321 interdictum
1518 2289 1559 2321 sit
1575 2299 1612 2321 ac
1628 2289 1803 2332 puniatur).

452 2354 490 2382 ις.
1140 2353 1166 2376 1.
1191 2341 1356 2385 ἑλληνικὰ
1380 2356 1412 2386 γ.
1435 2342 1480 2385 τ.]
1510 2342 1564 2375 Sic
1588 2341 1803 2375 Constitutor.

452 2423 458 2429 .
485 2396 657 2430 Summam
681 2397 776 2429 huius
800 2397 912 2440 capitis
935 2396 1026 2430 Con·
1094 2396 1279 2430 Didascalia
1301 2397 1343 2430 de
1365 2395 1647 2429 observationibus
1672 2395 1804 2427 iudaicis

457 2460 485 2484 c.
503 2459 554 2493 30,
573 2460 655 2493 1—7
675 2451 818 2490 exhibet,
835 2462 864 2484 v.
883 2460 896 2492 5
916 2457 1027 2484 autem
1093 2451 1243 2496 loquitur.
1300 2451 1365 2484 Sed
1404 2457 1436 2483 et
1470 2449 1731 2493 Chrysostomus
1769 2449 1804 2481 Iu

1093 2505 1213 2549 Ephes.
1235 2505 1325 2539 hom.
1343 2504 1416 2543 XII,
1435 2513 1448 2546 3
1470 2503 1561 2536 dicit:
1574 2497 1742 2545 (Έλληνες
1761 2501 1804 2536 τὰ

1093 2559 1160 2601 μὲν
1182 2556 1250 2594 οὐκ
1273 2555 1359 2592 ὄντα
1381 2554 1619 2600 ἁμαρτήματα
1641 2558 1805 2591 δεδοίκα-

452 2613 503 2647 m.
539 2614 631 2656 Περὶ
662 2614 919 2655 παιδεραστίας
946 2625 1028 2655 μοι·
1094 2624 1163 2655 σιν,
1203 2609 1282 2647 οἷον
1320 2609 1435 2655 ῥύπον
1467 2609 1647 2652 σώματος,
1684 2613 1803 2652 κῆδος,

452 2679 462 2702 ε
480 2669 543 2701 καὶ
560 2667 735 2711 πορνείας
747 2667 802 2709 (4-
817 2669 877 2701 καὶ
894 2669 1029 2709 μίξεως
1094 2666 1194 2709 λέχος
1217 2668 1278 2700 καὶ
1296 2662 1442 2709 ἡμερῶν
1458 2661 1722 2709 παρατηρήσεις
1745 2666 1806 2698 καὶ

453 2747 462 2763 ,
485 2716 541 2756 ὅτι
565 2719 612 2755 τὰ
627 2721 697 2763 μὲν
715 2719 792 2755 ἐστὶ
807 2719 903 2764 παρὰ
919 2718 1030 2764 φύσιν
1095 2715 1161 2755 ὅσα
1180 2724 1344 2755 τοιαῦτα·
1361 2716 1383 2753 ἃ
1400 2719 1439 2753 δέ
1455 2718 1553 2753 ἐστιν
1567 2714 1680 2758 ὄντως
1691 2714 1806 2761 ἆμαρ-

452 2787 535 2818 ατα,
574 2773 620 2810 τὰ
663 2774 703 2809 δὲ
741 2772 931 2818 παράνομα
966 2776 1029 2808 καὶ
1094 2773 1245 2818 πήματα,
1258 2774 1529 2815 παιόεραστεία,
1545 2774 1702 2816 μοιχεία,
1718 2784 1806 2814 πορ-

456 2832 520 2865 καὶ
550 2828 613 2864 διὰ
643 2830 680 2863 τί
707 2826 845 2864 τούτων
874 2827 1029 2864 ἕκαστον
1096 2830 1185 2870 νειά,
1227 2826 1364 2864 τούτων
1397 2824 1479 2862 οὐδὲ
1514 2825 1624 2868 λόγον
1655 2824 1807 2869 ἔχουσιν.

453 2897 494 2920 ἀι
517 2886 584 2919 καὶ
602 2880 797 2925 κολάζεται
813 2883 835 2916 d
850 2894 868 2917 e
885 2894 906 2927 p
930 2880 1028 2927 [ᾰλό-
1096 2882 1147 2916 Cf.
1172 2883 1263 2916 Tert.
1288 2883 1339 2916 De
1362 2881 1548 2925 praescript.
1572 2891 1600 2914 c.
1624 2889 1677 2920 40.

1826 1068 1867 1098 10

1825 1391 1866 1424 15
