2457 3436
924 351 1147 382 muscam
1178 352 1453 382 ammomum«.
1886 343 1939 383 111

1168 526 1214 566 Β.

832 611 1135 653 mnASCALIA
1165 612 1544 654 APOSTOLonuu.

538 707 692 749 Testes
722 707 961 749 Didascaliae
990 707 1294 762 apostolorum,²
1329 724 1351 750 e
1380 723 1453 764 qua
1489 723 1556 751 sex
1590 709 1673 751 libri
1705 710 1936 752 Constituti-

411 786 560 814 onum
597 772 871 827 apostolorum
909 774 1059 828 priores
1092 772 1332 827 prodierunt,
1375 775 1485 829 pauci
1519 781 1621 815 sunt.
1678 774 1811 815 Primo
1851 774 1934 815 libri

413 838 687 879 mentionem
708 837 999 893 Epiphanius
1026 836 1128 879 facit.
1176 838 1356 892 Appellat
1377 852 1466 880 eum
1495 838 1651 893 quidem
1673 838 1851 880 Diataxin
1873 839 1933 880 vel

416 903 625 945 Diataxes
645 902 929 956 apostolorum,
950 902 1054 943 unde
1074 904 1311 944 recentiores
1326 902 1497 959 plerique
1514 917 1603 945 eum
1620 904 1935 945 Constitutiones

414 967 716 1022 apostolorum
745 968 959 1022 respexisse
990 966 1242 1021 collegerunt.
1294 968 1409 1018 Quae
1438 976 1566 1009 autem
1599 983 1620 1009 e
1648 967 1746 1009 libro
1776 967 1935 1022 profert,

414 1047 470 1074 ea
493 1046 585 1074 non
617 1040 699 1074 tam
731 1032 843 1074 huius
863 1033 1074 1086 scripturae
1096 1041 1196 1083 sunt,
1228 1032 1297 1074 sed
1317 1033 1452 1074 similis
1473 1032 1671 1074 cuiusdam
1693 1034 1934 1088 antiquioris,

417 1106 467 1140 ut
499 1099 585 1139 iam
614 1098 821 1139 Petavius²
849 1105 887 1139 et
908 1098 1062 1139 Usher³
1091 1105 1384 1153 perspexerunt,
1414 1098 1474 1139 vel
1504 1097 1756 1148 Didascaliae,
1786 1105 1829 1140 ut
1858 1098 1934 1139 hoc

414 1163 530 1204 libro
564 1163 729 1216 vulgato
758 1177 863 1204 nunc
893 1170 1058 1204 constat.
1116 1163 1351 1217 Epiphanius
1386 1177 1467 1204 non
1497 1163 1624 1204 solum
1661 1163 1789 1217 plures
1818 1164 1935 1217 scrip-

415 1237 541 1270 turae
579 1228 698 1269 locos
732 1227 882 1281 allegat,
921 1226 990 1269 sed
1025 1229 1139 1269 etiam
1178 1228 1227 1270 H.
1259 1241 1324 1281 70,
1359 1241 1406 1269 10
1441 1227 1569 1279 refert,
1605 1228 1807 1269 Audianos
1843 1242 1933 1269 eum

417 1293 628 1343 laudasse,
659 1300 704 1334 ut
731 1307 839 1334 suam
864 1293 1027 1346 paschae
1048 1292 1350 1335 celebrationem
1372 1293 1432 1335 vel
1452 1293 1931 1343 Quartodecimanismum

415 1359 663 1413 probarent.
713 1358 854 1412 Neque
875 1365 1004 1412 potest
1025 1372 1106 1400 non
1128 1372 1456 1408 commemorare,
1485 1358 1623 1399 librum
1646 1358 1775 1400 multis
1797 1358 1935 1399 dubiae

416 1423 520 1465 fidei
553 1437 666 1474 esse;
705 1424 786 1477 ipse
821 1430 951 1464 autem
990 1438 1078 1464 eum
1108 1424 1295 1478 approbat
1324 1423 1505 1478 dicitque,
1541 1439 1630 1465 eum
1662 1425 1796 1465 omnia
1825 1437 1933 1465 com-

415 1489 558 1545 plecti,
597 1502 704 1542 quae
738 1488 785 1529 ad
824 1479 1007 1530 ecclesia‘e
1044 1488 1282 1543 disciplinam
1318 1489 1496 1540 attinent,
1532 1503 1603 1530 uec
1633 1488 1843 1544 quidquam
1871 1497 1935 1531 aut

415 1555 456 1595 in
490 1552 577 1594 fide
610 1567 658 1594 ac
690 1552 881 1594 catholica
911 1552 1155 1607 professione
1184 1554 1435 1609 depravatum
1465 1562 1529 1595 aut
1559 1553 1742 1595 ecclesiae
1771 1553 1935 1596 admini-

412 1619 610 1660 strationi
642 1633 691 1659 ac
716 1617 884 1659 decretis
906 1620 1142 1659 contrarium
1164 1620 1368 1660 continere
1399 1618 1546 1673 (ibid).
1597 1617 1798 1659 Secundus
1826 1620 1935 1660 testis

412 1693 476 1726 est
495 1683 981 1733 Pseudo-Clemens,
1010 1685 1074 1738 qui
1106 1698 1127 1725 e
1154 1685 1341 1738 scriptura
1369 1699 1436 1725 sex
1458 1684 1575 1725 libros
1596 1683 1933 1725 Constitutionum

407 1748 711 1804 apostolorum
753 1748 908 1802 priores
947 1747 1142 1799 formavit,
1179 1750 1316 1790 tertius
1353 1749 1838 1803 Pseudo-chrysostomus
1875 1748 1935 1789 vel

405 1822 555 1856 auctor
596 1813 787 1867 Operis
825 1812 1095 1867 imperfecti
1130 1814 1168 1854 in
1205 1814 1460 1864 Matthaeum,
1502 1814 1566 1869 qui
1602 1814 1829 1867 scripturam
1866 1813 1935 1854 sub

406 1880 589 1921 nomine
623 1878 717 1919 libri
750 1892 950 1919 canonum
981 1878 1042 1919 vel
1072 1893 1266 1920 canonum
1298 1879 1566 1933 apostolorum
1604 1878 1742 1919 laudat.
1801 1877 1935 1919 Medio

404 1959 509 1987 aevo
532 1943 919 1985 Bar-Hebraeus
949 1957 1034 1985 eam
1059 1943 1162 1998 legit.
1211 1944 1414 1985 Accedunt
1444 1944 1612 1998 denique
1642 1951 1792 1998 praeter
1821 1944 1936 1984 versi-

404 2025 508 2051 ones
542 2016 588 2050 et
621 2007 797 2050 codices
829 2022 892 2048 eas
921 2008 1117 2050 tradentes
1148 2008 1226 2050 duo
1247 2016 1366 2050 testes
1387 2009 1498 2063 plane
1520 2009 1668 2058 incerti,
1698 2022 1865 2062 quorum
1896 2008 1933 2048 in

406 2074 698 2116 Testimoniis
722 2074 879 2114 mentio
901 2072 997 2114 facta
1018 2081 1089 2122 est,
1109 2082 1223 2129 atque
1244 2075 1288 2124 is,
1310 2075 1369 2115 cui
1391 2073 1651 2127 fragmentum
1673 2073 1935 2126 aethiopicum

403 2155 524 2195 supra
558 2154 602 2193 p.
639 2138 681 2179 11
712 2137 914 2179 laudatum
945 2138 1144 2181 debemus.

517 2205 571 2245 Ρ.
605 2204 672 2245 de
704 2202 918 2255 Lagarde
947 2218 978 2244 a.
1010 2205 1109 2256 1857
1138 2203 1277 2245 librum
1309 2204 1495 2245 Audianis
1524 2203 1820 2245 adiudicandum
1853 2218 1936 2244 esse

404 2270 538 2321 dixit)
573 2269 765 2310 minime
785 2281 881 2309 vero
902 2270 1135 2310 sententiam
1157 2269 1344 2323 probavit.
1393 2270 1520 2310 Prima
1542 2269 1623 2310 libri
1645 2269 1805 2321 vestigia
1831 2282 1936 2318 sane,

406 2344 446 2376 ut
474 2337 560 2376 iam
599 2333 806 2382 vidimus,
837 2334 874 2373 in
905 2333 965 2373 illa
993 2341 1097 2375 secta
1126 2343 1323 2388 apparent.
1372 2334 1467 2375 Inde
1496 2342 1626 2375 autem
1648 2349 1728 2375 non
1751 2334 1935 2387 sequitur,

406 2401 551 2442 librum
587 2399 644 2441 ab
671 2397 869 2439 Audianis
894 2399 1158 2452 compositum
1189 2398 1319 2449 fuisse,
1350 2414 1437 2441 cum
1470 2399 1563 2440 nihil
1584 2401 1621 2440 in
1644 2413 1692 2439 eo
1714 2399 1935 2451 reperiatur,

405 2466 513 2521 quod
566 2464 752 2520 proprie
796 2470 923 2504 sectae
963 2464 1024 2505 sit.
1081 2464 1429 2506 Kattenbusch⁵
1476 2479 1564 2505 curn
1606 2465 1823 2517 perspicere
1865 2463 1936 2504 sibi

517 2602 527 2620 ¹
559 2594 625 2629 Cf.
655 2594 702 2627 ad
728 2593 816 2626 hanc
839 2594 1018 2627 sectionem
1042 2605 1124 2638 quae
1147 2595 1188 2628 de
1212 2594 1395 2627 Didascalia
1427 2595 1587 2638 disputavi
1610 2595 1643 2627 in
1667 2594 1748 2627 libro
1773 2604 1849 2627 meo
1876 2594 1938 2626 Die

406 2650 668 2695 Apostoliscben
697 2648 955 2681 Konstituetonen
984 2649 1057 2692 1891
1088 2660 1119 2693 p.
1144 2650 1288 2692 28—753
1312 2650 1450 2692 86-92.

518 2710 533 2729 ²
561 2704 661 2737 Not.
689 2702 725 2735 X
750 2702 792 2734 ad
816 2702 972 2746 Epiphan.
996 2703 1092 2736 Haer.
1118 2713 1167 2745 70.

519 2765 532 2782 ²
559 2757 767 2801 Polycarpi
791 2762 823 2789 et
846 2757 959 2800 Ignatii
983 2757 1141 2801 epistolae
1167 2757 1248 2798 1644
1272 2769 1299 2791 c.
1322 2757 1439 2791 6—16.

515 2820 530 2837 ⁴
561 2811 630 2847 Cf.
662 2810 789 2843 Nestle
812 2810 843 2843 in
868 2811 1045 2854 Zeitschrift
1059 2812 1122 2854 fiir
1143 2813 1195 2844 die
1218 2817 1395 2845 neutestam.
1425 2813 1642 2856 Il'issenschaft
1669 2822 1747 2855 ¹90²
1774 2823 1802 2854 p.
1833 2810 1901 2843 166.

515 2872 532 2892 ι’·
561 2867 653 2900 Das
682 2864 895 2908 Apostolische
917 2864 1040 2909 Symbol
1065 2866 1146 2909 1894
1170 2877 1200 2909 p.
1227 2875 1297 2909 394.
