2457 3436
1049 273 1277 304 SERAPIONIS.

1039 369 1156 410 XXII
1186 368 1291 424 (xv).

702 445 854 487 Oratio
882 447 929 487 in
957 446 1215 487 unctionem
1242 447 1632 497 baptizandorum.

532 543 566 572 1.
597 530 785 583 Domine,
816 546 949 573 amans
978 532 1187 574 hominum
1217 540 1255 574 et
1283 546 1418 574 amans
1445 534 1675 583 animarum,
1706 534 1911 574 misericors

404 609 459 636 ac
480 595 651 650 benigne,
679 597 786 638 Deus
804 598 986 647 veritatis,
1015 597 1245 639 invocamus
1263 605 1304 640 te
1324 597 1586 653 obsequentes
1607 606 1646 639 et
1665 597 1910 640 confidentes

405 661 746 715 promissionibus
775 663 966 716 unigeniti
983 663 1052 711 tui,
1081 663 1147 718 qui
1168 662 1279 705 dixit:
1313 663 1488 716 Quorum
1509 664 1723 704 remiseritis
1739 671 1909 718 peccata,

406 728 661 767 remittuntur
694 729 768 777 eis;
802 734 839 769 et
876 728 1058 781 ungimus
1096 727 1166 770 hac
1195 728 1382 770 unctione
1419 742 1501 779 eos,
1537 729 1602 783 qui
1631 727 1820 771 accedunt
1848 728 1911 770 vel
1956 736 1980 766 ⁵

408 805 495 842 eas,
515 805 615 846 quae
634 791 824 834 accedunt
843 792 890 834 ad
911 792 1010 834 hanc
1026 792 1196 835 divinam
1213 794 1568 847 regenerationem,
1591 805 1626 834 2.
1645 792 1910 847 deprecantes,

408 862 458 897 ut
488 856 688 898 Dominus
717 864 854 899 noster
883 857 1061 899 Christus
1089 858 1196 899 Iesus
1225 858 1280 899 eis
1309 865 1493 912 operetur
1522 858 1602 899 vim
1632 866 1836 900 sanantem
1867 873 1910 899 ac

409 920 709 963 confortantem
739 930 779 964 et
807 922 953 964 revelet
991 937 1059 978 per
1087 922 1185 964 hanc
1215 923 1445 964 unctionem
1483 929 1521 965 et
1555 922 1665 965 tollat
1700 923 1747 964 ab
1781 923 1910 964 anima

410 994 454 1027 et
486 999 654 1041 corpore
683 993 721 1028 et
749 988 885 1041 spiritu
923 1001 1060 1028 eorum
1096 1001 1218 1029 omne
1251 989 1408 1041 signum
1443 988 1591 1042 peccati
1626 995 1665 1029 et
1700 988 1910 1042 iniquitatis

410 1050 481 1092 vel
510 1065 647 1092 causae
676 1050 901 1103 diabolicae,
930 1052 1086 1107 propria
1114 1053 1235 1106 gratia
1264 1053 1538 1094 remissionem
1568 1054 1623 1094 eis
1647 1052 1840 1107 praebeat,
1870 1062 1910 1093 ut
1937 1061 1982 1091 ιο

412 1130 439 1157 a
463 1123 618 1171 peccato
646 1116 797 1158 liberati
823 1119 983 1159 iustitiae
1009 1120 1142 1159 vivant
1171 1124 1210 1159 et
1238 1131 1307 1172 per
1335 1117 1433 1160 hanc
1458 1119 1689 1160 unctionem
1710 1117 1908 1160 reformati

414 1189 456 1222 et
471 1189 543 1236 per
561 1181 759 1223 lavacrum
773 1182 970 1237 purificati
996 1189 1035 1224 et
1056 1191 1127 1237 per
1143 1184 1315 1237 spiritum
1335 1185 1507 1224 renovati
1531 1183 1683 1238 possint
1703 1182 1910 1225 devincere

414 1247 457 1287 in
487 1246 678 1301 reliquum
710 1246 944 1289 adversarias
982 1248 1232 1302 operationes
1266 1262 1311 1289 ac
1346 1247 1498 1289 fraudes
1533 1248 1646 1289 huius
1682 1249 1783 1290 vitae
1818 1248 1911 1303 ipsis

414 1312 609 1353 instantes
639 1318 677 1353 et
706 1313 756 1353 ita
785 1313 987 1366 aggregari
1018 1320 1056 1354 et
1084 1313 1184 1354 uniri
1213 1327 1302 1355 curn
1329 1327 1451 1367 grege
1470 1313 1631 1354 Domini
1657 1320 1689 1354 et
1708 1312 1911 1353 salvatoris

416 1377 536 1417 nostri
569 1376 651 1417 Iesu
682 1377 825 1418 Christi
857 1385 895 1419 et
930 1391 1019 1419 cum
1056 1379 1198 1419 sanctis
1231 1378 1480 1419 cohereditare
1506 1379 1778 1433 promissiones,
1813 1391 1911 1432 quo·
1937 1385 1982 1416 15

415 1442 524 1482 niam
554 1455 624 1496 per
652 1456 741 1483 eum
771 1442 839 1484 tibi
868 1442 991 1496 gloria
1021 1450 1059 1484 et
1087 1443 1296 1496 imperium
1325 1444 1364 1484 in
1391 1449 1527 1485 sancto
1548 1443 1684 1496 spiritu
1714 1443 1754 1483 in
1776 1443 1911 1484 omnia

416 1505 570 1548 saecula
597 1506 855 1558 saeculorum,
884 1521 1012 1550 amen.

1835 264 1912 303 185

1045 1809 1178 1851 XXIII
1207 1809 1288 1865 (x).

842 1888 947 1929 Post
973 1888 1303 1938 susceptionem
1331 1887 1493 1929 oratio.

534 1984 565 2012 1.
601 1973 751 2013 Amans
786 1972 1007 2023 hominum,
1043 1971 1231 2024 benefice,
1265 1972 1435 2014 salvator
1468 1977 1632 2013 omnium
1666 1971 1714 2014 ad
1747 1979 1786 2014 te
1817 1986 1911 2014 con-

417 2050 637 2088 versorum,
666 2038 857 2091 propitius
886 2045 970 2079 esto
999 2051 1114 2080 servo
1144 2045 1214 2079 tuo
1244 2038 1352 2088 huic3
1388 2050 1624 2092 prosequere
1654 2051 1745 2078 eum
1774 2036 1823 2078 ad
1851 2052 1909 2079 re·
1933 2044 1982 2075 ‘20

417 2103 715 2156 generationem
746 2101 903 2144 dextera
930 2109 1008 2145 tua.
1064 2115 1101 2145 2.
1138 2103 1397 2157 Unigenitum
1432 2110 1542 2144 tuum
1579 2102 1740 2144 verbum
1777 2116 1909 2157 prose-

417 2173 557 2221 quatur
586 2181 675 2208 eum
705 2168 744 2209 in
774 2166 987 2219 lavacrum3
1017 2167 1235 2209 honoretur
1255 2169 1337 2209 eius
1362 2168 1622 2222 regeneratio,
1652 2182 1703 2209 ne
1722 2169 1772 2209 sit
1791 2182 1909 2209 vacua

417 2232 540 2285 gratia
557 2238 643 2283 tua;
663 2232 799 2274 adesto
820 2232 934 2274 simul
954 2240 1133 2274 sanctum
1149 2232 1310 2274 verbum
1325 2240 1451 2283 tuum,
1472 2232 1607 2274 adesto
1623 2232 1739 2273 simul
1755 2240 1910 2274 sanctus

417 2304 508 2338 tuus
537 2297 692 2351 spiritus
722 2296 918 2352 depellens
947 2312 991 2339 ac
1020 2297 1192 2339 deiciens
1221 2311 1384 2338 omnem
1412 2298 1687 2348 tentationem,
1722 2298 1909 2352 quoniam

461 2405 567 2440 XXII.
591 2405 642 2439 Cf.
657 2405 797 2439 Constit.
811 2417 862 2450 ap.
875 2406 946 2447 VII,
958 2415 1010 2447 42.
1040 2406 1130 2439 Con-

419 2459 604 2493 stitutiones
622 2459 739 2493 eccles.
755 2470 829 2504 aeg.
845 2459 934 2500 XVI,
952 2461 1005 2494 8-
1017 2470 1048 2504 9,
1067 2460 1130 2494 Ca·

417 2524 524 2547 nones
553 2513 721 2559 Hippolyti
749 2525 776 2548 c.
808 2524 847 2558 ¹9
875 2525 907 2548 n.
934 2513 994 2548 116
1021 2525 1069 2559 sq.
1099 2520 1131 2548 et

419 2568 671 2601 Testamentum
679 2568 814 2602 Domini
825 2569 927 2602 nostri
936 2568 975 2610 ll,
983 2569 1003 2602 8
1010 2568 1131 2608 oleum,

419 2632 485 2666 quo
509 2621 719 2666 baptizandus
742 2622 882 2666 ungitur,
906 2623 1017 2657 oleum
1036 2632 1130 2657 exor-

419 2676 523 2717 cismi,
542 2681 575 2709 et
588 2675 709 2717 oleum,
731 2686 797 2720 quo
809 2676 988 2721 baptizatus
1000 2677 1132 2720 ungitur

419 2729 477 2772 (cf.
502 2729 623 2772 XXV),
653 2730 765 2764 oleum
794 2731 971 2774 gratiarum
993 2732 1131 2764 actionis

420 2790 549 2826 vocant,
558 2784 818 2818 Constitutiones
830 2790 935 2829 apost.
947 2785 1000 2827 111,
1017 2784 1065 2818 16.
1078 2795 1131 2828 173

1198 2406 1267 2447 VII,
1296 2415 1348 2447 22,
1373 2415 1410 2446 23
1440 2414 1493 2447 44,
1520 2416 1547 2438 1.
1573 2415 1591 2438 2
1621 2406 1685 2439 hoc
1713 2403 1829 2449 μύρον
1853 2417 1910 2448 ap-

1198 2460 1329 2504 pellant.
1497 2451 1509 2463 ‘

1241 2514 1359 2547 xxm.
1389 2513 1464 2547 Vox
1492 2511 1667 2557 ἀνάληψις
1689 2514 1722 2547 in
1746 2514 1807 2547 ritu
1831 2514 1911 2558 bap-

1197 2569 1285 2602 tismi
1318 2578 1479 2612 nusquam
1513 2569 1663 2602 occurrit.
1718 2568 1911 2611 Brightman

1198 2628 1324 2666 putans,
1354 2632 1427 2655 eam
1449 2622 1580 2655 nonnisi
1603 2632 1737 2655 sensum
1760 2622 1912 2655 vocabuli

1197 2673 1352 2719 ἀναδοχή
1369 2676 1562 2720 (susceptio,
1579 2686 1624 2710 sc.
1641 2687 1698 2720 per
1716 2678 1914 2720 sponsores)

1198 2730 1316 2764 habere
1351 2737 1383 2763 et
1413 2731 1445 2763 in
1473 2730 1538 2764 hoc
1569 2740 1666 2763 sensu
1697 2730 1750 2763 hic
1779 2730 1912 2764 tolerari

1197 2795 1264 2818 non
1281 2794 1390 2828 posse,
1414 2785 1599 2818 emendavit
1615 2780 1769 2826 εἴληψαι
1810 2784 1911 2818 Certe
