2457 3436
717 373 981 404 APOSTOLORUM
1010 374 1076 412 vn,
1104 375 1157 412 39,
1179 376 1296 412 4-40,
1323 377 1349 407 1.
1698 365 1777 403 443

473 468 718 523 temporibus
746 470 906 519 vocarit,
941 469 1131 513 reducens
1160 484 1182 511 a
1216 471 1400 511 servitute
1430 478 1469 511 et
1503 472 1701 525 impietate
1730 471 1777 511 ad

452 548 502 575 tm
532 548 578 575 ac
606 534 805 588 pietatem,
834 534 880 575 ab
908 535 1093 576 iniustitia
1111 534 1159 576 ad
1189 535 1385 585 iustitiam,
1415 549 1436 576 a
1463 543 1592 577 morte
1620 543 1775 577 aeterna

452 613 482 639 n
511 607 753 653 perpetuam.
810 613 849 651 4.
867 599 985 640 -Haec
1014 606 1054 640 et
1083 599 1141 640 his
1166 608 1430 641 consentanea
1459 599 1579 641 discat
1607 601 1646 640 in
1677 607 1777 642 cate-

452 664 508 718 1ui
536 663 697 705 accedit.
753 663 836 714 Qui
863 671 994 705 autem
1024 678 1163 705 manus
1193 665 1227 705 ei
1258 665 1439 718 imponit,
1468 664 1604 705 adoret
1633 664 1777 714 Deum,

452 742 560 769 arum
601 727 821 779 dominum,
864 729 1004 782 gratias
1048 743 1169 782 agens
1212 743 1284 783 pro
1321 735 1494 770 creatura
1532 729 1626 778 eius,
1670 729 1777 784 quod

473 792 597 834 filium
634 807 748 834 suum
785 794 1030 847 unigenitum
1071 793 1284 844 Christum,
1333 801 1375 835 ut
1413 794 1533 834 salvet
1571 794 1776 835 hominem

453 857 727 913 iniquitatibus,
758 865 876 913 utque
896 859 1068 900 remittat
1097 859 1314 912 impietates
1334 873 1378 899 ac
1402 865 1559 913 peccata
1580 865 1617 899 et
1640 866 1777 913 purget

453 925 473 964 *i
503 924 781 978 inquinamento
814 925 940 964 carnis
974 931 1008 964 et
1039 925 1203 978 spiritus,
1240 923 1522 978 hominemque
1561 922 1776 965 sanctificet

452 1002 503 1028 im
539 987 822 1041 beneplacitum
858 988 1040 1029 bonitatis
1075 1002 1167 1029 suae
1202 996 1316 1042 atque
1355 987 1501 1030 indicet
1534 988 1775 1030 voluntatem

452 1067 462 1094 :
489 1052 678 1093 illuminet
706 1052 829 1094 oculos
847 1052 967 1093 cordis
995 1054 1073 1093 eius
1091 1052 1138 1094 ad
1168 1052 1450 1094 consideranda
1478 1053 1662 1094 mirabilia
1682 1054 1777 1104 eius,

453 1124 511 1159 tet
531 1118 565 1159 ei
589 1116 731 1159 iudicia
750 1118 927 1167 iustitiae,
957 1124 999 1159 ut
1017 1117 1098 1159 odio
1124 1118 1258 1159 habeat
1277 1132 1419 1159 omnem
1438 1120 1542 1159 viam
1563 1120 1777 1168 iniustitiae,

452 1196 459 1224 ε
486 1189 617 1224 autem
644 1183 748 1223 viam
766 1184 950 1232 veritatis,
979 1191 1021 1224 ut
1047 1182 1188 1236 dignus
1214 1183 1397 1225 habeatur
1415 1185 1703 1238 regenerationis
1722 1184 1778 1225 la-

452 1262 472 1288 n
491 1248 721 1303 adoptionem
742 1249 780 1288 in
798 1246 958 1297 Christo,
979 1255 1021 1289 ut
1040 1248 1313 1303 complantatus
1332 1249 1371 1288 in
1388 1248 1632 1289 similitudine
1651 1250 1778 1289 mortis

452 1313 486 1354 in
503 1327 572 1367 spe
587 1313 780 1366 gloriosae
797 1313 993 1354 societatis
1006 1320 1166 1353 necetur
1179 1312 1337 1367 quidem
1351 1319 1526 1366 peccato,
1536 1315 1641 1354 vivat
1654 1320 1777 1354 autem

452 1377 615 1419 :undum
635 1384 809 1418 mentem
840 1385 877 1418 et
906 1391 1132 1419 sermonem
1164 1385 1202 1419 et
1222 1379 1417 1419 actionem
1447 1385 1562 1432 atque
1590 1377 1778 1419 adnume-

452 1457 463 1483 1
491 1442 589 1484 libro
620 1443 847 1484 viventium.
898 1454 933 1494 5.
963 1442 1058 1483 Post
1086 1456 1182 1483 vero
1212 1443 1310 1484 hanc
1339 1443 1549 1496 gratiarum
1578 1443 1774 1484 actionem

465 1522 554 1548 eum
591 1506 639 1548 de
668 1508 832 1548 Domini
871 1508 1138 1548 incarnatione
1168 1515 1205 1548 et
1235 1506 1283 1548 de
1313 1508 1493 1560 passione
1523 1508 1617 1557 eius,
1655 1522 1778 1548 resur-

452 1586 465 1613 ε
494 1587 541 1613 ex
569 1572 737 1613 mortuis
766 1579 805 1613 et
833 1573 1113 1626 assumptione.

452 1637 481 1678 2.
515 1637 699 1691 Cumque
727 1637 881 1678 iamiam
913 1638 984 1678 erit
1012 1637 1261 1690 baptizandus
1290 1637 1606 1684 catechumenus,
1645 1636 1777 1683 discat,

452 1701 463 1743 i
482 1700 784 1743 renuntiandum
807 1701 962 1742 diabolo
984 1708 1021 1742 et
1041 1715 1139 1757 quae
1158 1701 1205 1742 ad
1225 1716 1267 1742 se
1296 1700 1592 1742 adscribendum
1615 1700 1776 1742 Christo

452 1774 497 1809 it.
550 1767 726 1820 Oportet
755 1767 859 1807 enim
889 1766 994 1807 illum
1026 1767 1195 1821 primum
1225 1766 1382 1821 quidem
1413 1766 1606 1807 abstinere
1635 1780 1655 1806 a
1684 1779 1778 1807 con-

452 1841 485 1873 et
520 1831 665 1873 deinde
700 1830 852 1884 ingredi
880 1831 927 1872 ad
956 1833 1153 1885 mysteria,
1189 1846 1278 1872 cum
1309 1831 1414 1886 prius
1449 1845 1518 1872 cor
1546 1846 1659 1872 suum
1691 1845 1778 1885 pur-

464 1896 510 1938 ab
540 1897 653 1938 omni
683 1897 932 1951 perversitate
962 1898 1117 1946 mentis,
1154 1896 1303 1937 macula
1332 1904 1370 1937 et
1399 1910 1505 1949 ruga,
1542 1903 1657 1950 atque
1684 1904 1777 1937 tunc

455 2125 672 2157 techumenos
703 2130 736 2157 et
759 2123 1002 2156 catechumenis

453 2189 486 2211 m
503 2178 634 2222 saepius
650 2188 783 2210 manum
802 2178 1001 2220 imponebat.

452 2232 535 2265 ilem.
553 2232 653 2264 Hom.
667 2231 723 2272 111,
736 2241 792 2274 73;
811 2242 882 2275 syn.
897 2231 1002 2264 Illibe-

456 2285 579 2320 Arelat.
592 2296 621 2319 c.
634 2285 665 2325 6,
680 2285 834 2329 Carthag.
846 2285 933 2325 [Vc.
950 2286 1002 2327 85,

453 2366 461 2373 .
477 2340 508 2373 11
525 2350 553 2373 c.
576 2350 603 2382 3.
638 2339 727 2383 Sulp.
744 2339 854 2372 Sever.
872 2339 1002 2383 Dialog.

452 2394 502 2427 ed.
524 2393 622 2427 Halm
645 2404 677 2437 p.
705 2394 762 2435 185
788 2394 912 2427 scribit:
941 2404 1003 2427 nec

452 2459 458 2479 ι
469 2448 674 2491 (Martinus),
689 2448 723 2480 in
736 2448 846 2480 medio
864 2454 898 2480 ut
911 2453 1003 2480 erant

452 2508 563 2536 iactos
573 2502 728 2545 imposita
737 2502 895 2535 universis
904 2512 1003 2534 manu

452 2566 544 2590 nenos
580 2555 667 2589 fecit.
724 2555 862 2589 Locutio
895 2556 1003 2593 docet.

472 2610 710 2644 constitutoris
747 2610 1004 2643 catechumenos

476 2664 577 2697 fuisse
600 2674 620 2696 a
644 2664 835 2708 presbytero
859 2663 911 2696 vel
935 2664 1003 2706 epi-

453 2718 545 2752 uibus
569 2717 650 2751 solis
679 2715 743 2759 τὴν
767 2718 1005 2759 χειροθεσίαν

452 2783 477 2805 ·e
499 2772 579 2805 dicit
604 2771 693 2810 V111,
715 2771 765 2811 28,
793 2782 821 2805 1.
844 2780 873 2804 2.

452 2825 626 2860 echumeni
649 2835 731 2869 ergo
754 2826 860 2869 primo
877 2825 1004 2857 institu-

452 2887 475 2914 it
497 2881 541 2914 de
556 2879 702 2913 trinitate
723 2880 771 2922 (in
789 2879 1002 2920 universum),

1066 2124 1107 2156 de
1124 2124 1288 2156 creatione
1312 2124 1423 2156 mundi
1440 2129 1536 2168 atque
1556 2123 1702 2167 inprimis
1718 2124 1778 2156 ho-

1067 2178 1173 2217 minis,
1204 2177 1243 2210 de
1268 2177 1480 2220 providentia,
1508 2177 1550 2210 de
1573 2177 1779 2221 legislatione

1067 2232 1113 2272 (v.
1132 2232 1177 2273 2),
1201 2231 1242 2263 de
1257 2232 1426 2275 punitione
1444 2231 1606 2264 malorum
1623 2241 1660 2264 ac
1679 2231 1780 2274 glori-

1068 2285 1219 2318 ficatione
1235 2286 1405 2324 iustorum,
1422 2285 1462 2317 de
1478 2285 1700 2318 misericordia
1717 2285 1779 2318 Dei

1069 2350 1146 2383 erga
1168 2339 1320 2372 homines
1343 2341 1391 2381 (v.
1419 2340 1467 2381 3);
1498 2339 1615 2372 deinde
1645 2339 1685 2371 de
1709 2339 1778 2372 Do-

1067 2393 1148 2425 mini
1165 2393 1398 2433 incarnatione,
1413 2394 1575 2437 passione,
1594 2393 1780 2425 resurrecti-

1067 2457 1141 2488 one,
1166 2448 1390 2490 assumptione
1413 2448 1460 2489 (v.
1488 2448 1531 2489 5).

1112 2500 1180 2533 XL.
1193 2498 1370 2541 Διᾰταξις,
1383 2495 1480 2539 ὅπως
1493 2498 1561 2542 χρὴ
1574 2498 1656 2539 τούς
1673 2511 1781 2542 κατη-

1066 2553 1323 2597 χουμένουςῌ-
1332 2553 1527 2595 μέλλοντας
1537 2555 1778 2597 βαπτίζεσθαι

1068 2620 1086 2642 e
1111 2610 1147 2652 p)
1176 2605 1247 2643 ὑπὸ
1276 2612 1349 2641 τιῦν
1372 2607 1501 2650 ἱερέων
1523 2607 1562 2641 ἐν
1584 2611 1627 2651 τῇ
1650 2605 1780 2651 μυήσει

1069 2660 1303 2705 εὐλογεῖσθαι
1339 2664 1400 2695 καὶ
1433 2664 1510 2695 τίνα
1542 2660 1779 2696 διδάσκεσθαι

1068 2714 1207 2755 αὐτούς.
1227 2716 1437 2755 Constitutio,
1451 2715 1619 2759 quomodo
1632 2722 1781 2759 oporteat

1069 2770 1322 2804 catechumenos
1351 2770 1594 2813 (baptizandos)
1627 2781 1646 2802 a
1675 2780 1782 2803 sacer-

1069 2825 1198 2857 dotibus
1221 2825 1254 2857 in
1271 2824 1452 2857 initiatione
1470 2824 1618 2857 benedici
1635 2829 1667 2856 et
1683 2834 1780 2867 quae-

1069 2889 1145 2911 nam
1168 2889 1227 2911 eos
1250 2878 1360 2911 doceri
1384 2878 1567 2911 conveniat.

1804 1063 1843 1093 to

1804 1385 1843 1417 15
