2457 3436
687 351 737 391 98
1274 356 1588 387 οοΝετιτυτιοΝπε

1159 487 1176 527 Ι
1206 485 1354 540 (xxxi).
1385 487 1446 527 De
1473 486 1709 536 episeopis.

802 587 834 614 x.
869 574 1099 628 EpiscopuS,
1134 574 1233 614 sicut
1267 574 1306 613 in
1342 571 1605 626 superioribus
1640 572 1942 622 constituimus,
1979 571 2143 613 ordinetu

690 640 753 693 qui
784 653 804 679 a
825 635 968 680 'cuncto
989 637 1138 693 populo
1168 637 1312 679 electus
1334 644 1373 679 et
1392 636 1606 690 inculpatus
1637 643 1707 678 est.
1758 648 1796 677 2.
1829 637 1919 687 Qui
1950 651 2039 678 cum
2063 651 2144 678 nom

691 711 802 745 natus
829 702 944 744 fuerit
976 716 1020 744 ac
1048 702 1246 757 placuerit,
1280 709 1443 744 cunctus
1476 700 1644 756 populus
1679 709 1953 755 congregatur
1993 717 2065 744 una
2097 717 2147 744 cut

647 778 665 807 5
691 768 923 822 presbyteris
945 775 982 809 et
1001 767 1176 809 diaconis
1195 769 1234 808 in
1255 766 1317 808 die
1338 766 1554 817 dominica;
1573 780 1715 807 omnes
1735 767 1919 821 episcopi
1939 768 2147 809 consentius

691 846 829 873 manus
858 833 893 873 ei
914 833 1184 887 imponentes;
1214 839 1252 873 et
1271 831 1486 887 presbyteri
1506 831 1658 873 adstent
1677 832 1957 886 quiescentes3
1987 840 2026 873 et
2050 846 2147 873 omne

690 896 805 938 simul
832 896 970 938 sileant
998 904 1112 952 atque
1142 898 1180 939 in
1211 895 1394 938 cordibus
1422 897 1500 937 suis
1529 904 1748 951 precentur,
1779 903 1823 938 ut
1852 897 2017 951 spiritus
2036 904 2147 938 sancti

689 975 805 1016 super
834 976 924 1003 eum
954 963 1095 1003 veniat.
1145 974 1180 1015 3.
1210 962 1258 1003 Et
1286 976 1386 1003 unus
1415 976 1462 1003 ex
1490 962 1683 1015 episcopis
1711 960 1856 1014 dignus
1881 962 2083 1003 invenitur
2099 975 2147 1002 on

691 1026 801 1068 nibus
821 1026 1070 1078 adstantibus,
1100 1028 1165 1081 qui
1191 1041 1329 1068 manus
1348 1028 1526 1081 imponat
1546 1027 1584 1066 in
1606 1026 1837 1081 episcopum
1860 1026 2121 1068 ordinandum
2139 1045 2147 1066 t

627 1099 668 1130 1ο
690 1105 805 1145 super
825 1106 913 1133 eum
935 1099 1039 1133 oret:
1060 1106 1097 1145 4.
1118 1092 1265 1142 „Deus,
1281 1100 1390 1146 pater
1405 1091 1564 1132 Domini
1581 1092 1698 1131 nostri
1714 1091 1797 1131 Iesu
1821 1090 1973 1132 Christi
1990 1091 2147 1133 salvator]

691 1157 827 1207 nostri,
850 1165 961 1211 pater
980 1157 1319 1198 misericordiarum
1350 1164 1384 1198 et
1411 1156 1581 1197 dominus
1608 1157 1725 1196 omnis
1745 1155 1929 1210 beneficii,
1961 1158 2028 1211 qui
2043 1155 2147 1196 hahita

690 1222 785 1262 inter
812 1229 998 1276 supremos
1027 1229 1060 1262 et
1089 1221 1246 1276 infimos,
1280 1223 1346 1277 qui
1375 1223 1443 1262 scit
1471 1222 1608 1271 omnia,
1646 1228 1849 1275 antequam
1869 1220 1991 1275 fiant.
2052 1233 2084 1273 5.
2115 1220 2147 1260 T

690 1285 828 1326 dedisti
859 1285 1150 1327 ordinationem
1172 1286 1354 1328 ecclesiae
1384 1300 1452 1340 per
1471 1300 1610 1327 vocem
1640 1286 1784 1339 gratiae
1802 1292 1908 1336 tuae,
1941 1300 2058 1341 quam
2078 1287 2147 1341 prin

689 1350 915 1392 ordinavisti
944 1358 1034 1392 ante
1063 1352 1337 1405 generationes
1365 1351 1571 1401 iustorum,
1599 1364 1652 1391 sc.
1680 1364 1700 1391 a
1722 1350 1952 1405 (tempore)
1975 1351 2147 1392 Abrahan

625 1422 665 1453 15
689 1415 836 1457 iudices
858 1423 895 1457 et
915 1415 1137 1457 sacerdotes
1158 1417 1391 1457 constituisti
1411 1415 1477 1465 illi,
1507 1423 1545 1456 et
1564 1416 1823 1457 sanctuarium
1845 1423 1961 1457 tuum
1983 1429 2147 1471 nunquar

689 1480 875 1535 reliquisti
902 1481 987 1522 sine
1016 1481 1214 1522 ministris.
1261 1483 1365 1522 Ante
1394 1481 1633 1522 creationem
1663 1480 1799 1522 mundi
1832 1480 1997 1535 (prout)
2027 1481 2147 1522 voluis

690 1546 752 1600 (in
773 1546 886 1600 loco)
916 1560 1032 1601 quem
1055 1545 1238 1599 elegeras,
1269 1545 1481 1587 celebratus
1500 1545 1616 1587 fuisti.
1665 1547 1702 1587 6.
1732 1546 1851 1587 Nunc
1871 1554 2006 1587 autem
2027 1545 2147 1587 effund

690 1609 856 1665 desuper
883 1611 1066 1652 virtutem
1094 1612 1245 1665 spiritus
1266 1611 1502 1666 principalis,
1531 1625 1646 1665 quem
1669 1609 1810 1651 dedisti
1839 1610 1987 1652 dilecto
2007 1609 2087 1652 filio
2109 1619 2144 1651 tu

688 1675 774 1717 Iesu
800 1675 973 1726 Christo,
1003 1690 1119 1730 quern
1146 1675 1303 1730 largitus
1333 1690 1374 1717 es
1401 1677 1543 1717 sanctis
1568 1675 1754 1730 apostolis
1778 1676 1870 1726 tuis,
1898 1683 1942 1717 ut
1978 1675 2147 1717 ecclesiar

623 1746 666 1777 20
691 1739 939 1795 (fundarent)
975 1749 1101 1782 aratro
1137 1742 1259 1782 crucis
1294 1749 1382 1782 tuae
1410 1741 1449 1782 in
1481 1740 1662 1782 omnibus
1696 1740 1807 1790 locis,
1842 1741 2058 1783 sanctitatis
2090 1748 2147 1782 tua

689 1805 979 1859 praedicatione
1000 1820 1082 1847 non
1104 1814 1280 1847 cessante
1299 1807 1338 1846 in
1359 1806 1523 1847 nomine
1542 1813 1625 1847 tuo.
1656 1820 1692 1860 7.
1709 1806 1782 1856 Da,
1803 1820 1829 1847 o
1850 1819 1974 1859 gnare
1989 1805 2147 1847 cordiun

689 1878 810 1925 pater,
840 1878 881 1913 ut
900 1885 1034 1912 servus
1055 1878 1157 1921 tuus,
1177 1885 1294 1926 quern
1317 1871 1465 1925 elegisti
1486 1870 1534 1912 ad
1555 1871 1838 1926 episcopatum,
1865 1878 1999 1923 pascat
2017 1885 2147 1925 greges

687 1943 797 1977 tuum
820 1943 857 1977 et
877 1935 1097 1977 sacerdotio
1112 1935 1182 1977 tibi
1200 1935 1381 1990 fungatur
1397 1935 1539 1990 absque
1555 1935 1876 1990 reprehensione,
1897 1943 1939 1977 ut
1957 1937 2147 1977 ministrati

689 2008 808 2042 noctu
843 2000 986 2054 diuque
1025 1999 1248 2055 suppliciter
1288 2008 1373 2042 oret
1407 2000 1612 2055 videatque
1645 1999 1783 2042 faciem
1818 2008 1942 2050 tuam,
1984 2009 2026 2042 ut
2062 2000 2145 2054 dign

796 2108 881 2142 1011
897 2108 974 2141 Cor.
991 2109 1016 2149 1,
1032 2117 1059 2150 3.
1079 2129 1118 2134 —
1138 2113 1176 2142 11
1194 2108 1335 2149 Ps.112,
1357 2118 1385 2150 5.
1400 2109 1430 2142 6.
1456 2128 1495 2133 -
1520 2112 1560 2142 12
1577 2109 1659 2141 Dan.
1681 2118 1708 2149 1,
1724 2116 1778 2148 42.
1803 2127 1842 2132 —
1869 2112 1910 2142 14
1934 2108 2018 2152 pr.
2040 2118 2067 2147 1,
2082 2115 2112 2147 4.
2132 2125 2147 2130 -

688 2165 727 2196 18
749 2162 802 2195 Ps.
830 2172 878 2204 50,
900 2170 931 2203 4.
954 2182 998 2188 —
1019 2165 1062 2196 22
1085 2162 1158 2195 Act.
1186 2172 1212 2203 1,
1236 2172 1287 2203 24.

792 2263 814 2294 2
836 2260 917 2292 sicut
941 2259 973 2292 in
997 2270 1022 2292 s.
1047 2260 1275 2293 constituimus
1299 2259 1327 2293 C
1351 2260 1379 2292 A
1403 2260 1430 2292 E
1452 2272 1460 2293 :
1484 2263 1528 2297 >
1552 2258 1578 2292 L
1609 2262 1613 2302 Ι
1645 2263 1665 2294 3
1687 2270 1706 2292 a
1730 2259 1760 2292 T
1782 2260 1814 2292 A
1837 2259 1864 2292 E
1889 2271 1897 2292 ι
1922 2270 1942 2292 e
1965 2259 1990 2292 S
2020 2261 2027 2302 Ι
2057 2259 2147 2293 electi

683 2320 717 2346 et
740 2313 921 2358 inculpatus
944 2312 975 2346 T
998 2313 1040 2347 cf.
1065 2313 1091 2346 E
1115 2325 1123 2346 ε
1148 2320 1181 2347 et
1210 2313 1376 2357 inculpato
1399 2315 1464 2357 (>
1487 2313 1531 2357 L)
1554 2313 1677 2347 electus
1700 2313 1723 2347 S
1755 2314 1760 2357 Ι
1789 2317 1811 2347 4
1833 2313 1917 2357 plac.
1943 2320 2081 2347 cunctus
2103 2325 2110 2346 ε
2131 2323 2147 2356 p

684 2369 808 2401 cunctis
832 2369 858 2401 L
886 2370 892 2410 Ι
922 2372 941 2403 5
965 2368 1111 2401 diaconis
1136 2380 1144 2400 :
1169 2367 1220 2401 his
1244 2367 1298 2411 qui
1321 2374 1510 2411 praesentes
1533 2367 1650 2401 fuerint
1673 2367 1821 2412 episcopi
1843 2367 1868 2400 L
1893 2368 1924 2400 A
1949 2367 1976 2401 E
2001 2370 2009 2410 Ι
2035 2369 2147 2412 episc01

683 2425 725 2458 >
743 2422 769 2454 L
788 2423 793 2465 Ι
817 2426 856 2456 10
878 2422 1049 2456 salvatoris
1071 2433 1103 2455 n.
1119 2426 1163 2461 >
1181 2420 1207 2454 L
1222 2421 1248 2454 E
1269 2424 1275 2463 1
1297 2426 1337 2456 12
1359 2422 1490 2456 infimos
1506 2434 1513 2455 :
1529 2421 1664 2455 humilia
1680 2421 1816 2466 respicis
1838 2420 1865 2454 L
1883 2421 1910 2454 E
1932 2424 1938 2462 Ι
1960 2423 2060 2464 talu
2082 2432 2147 2466 quai

683 2499 689 2505 .
715 2499 722 2506 .
747 2476 815 2509 ord.
840 2482 915 2508 ante
939 2486 1015 2519 gen.
1041 2488 1048 2509 :
1072 2476 1318 2520 praedestinans
1342 2502 1349 2510 .
1374 2501 1382 2510 .
1407 2486 1511 2521 genus
1533 2475 1561 2508 L
1582 2476 1609 2508 E
1629 2477 1635 2518 Ι
1656 2477 1751 2516 los-20
1772 2480 1808 2509 ut
1830 2475 1913 2510 eccl.
1937 2475 2112 2510 fundarent
2131 2487 2146 2508 a

682 2529 785 2561 crucis
809 2541 816 2561 :
841 2530 894 2571 qui
918 2531 1155 2563 constituerunt
1178 2530 1258 2563 eccl.
1282 2530 1308 2563 L
1330 2530 1357 2563 E

722 2644 838 2678 I—IX.
852 2646 933 2680 Huic
943 2649 1080 2681 sectioni
1093 2649 1394 2691 respondentCon—
1503 2649 1528 2689 1,
1557 2658 1652 2694 4—7.
1686 2649 1804 2683 Oratio
1839 2650 1935 2684 deest
1964 2651 1998 2685 in
2028 2652 2147 2685 version

678 2699 864 2732 stitutiones
894 2702 1122 2743 apostolorum
1150 2703 1238 2743 vm,
1267 2703 1392 2744 4—26;
1460 2704 1603 2748 coptica;
1621 2704 1794 2748 desumpta
1806 2709 1856 2738 est
1872 2714 1891 2738 e
1905 2706 2064 2740 versione
2076 2705 2146 2738 aeth

677 2751 830 2795 Epitome
853 2754 925 2786 libri
948 2755 1023 2788 VIII
1048 2758 1151 2800 capita
1178 2767 1299 2800 3—173
1327 2758 1392 2792 Ca·
1458 2760 1564 2803 opica.
1610 2757 1660 2792 Cf.
1683 2758 1840 2801 Epitome
1863 2769 1891 2792 c.
1915 2768 1948 2799 4.

674 2814 778 2838 nones
793 2807 963 2852 Hippolyti
979 2819 1007 2842 c.
1021 2811 1121 2852 2—8;
1138 2810 1390 2845 Testamentum

673 2857 810 2891 Domini
834 2862 937 2894 nostri
962 2862 985 2902 Ι,
1011 2873 1149 2908 20—47.
