2457 3436
837 385 1154 416 cous-nmmum
1184 385 1460 415 Arosromnnx.
1848 379 1899 416 19

394 486 489 523 τῶν
518 483 649 523 θείων
674 480 894 535 δογμάτων
919 479 1015 535 ἡμῖν
1033 480 1349 536 α’μαυρώσαντα,
1378 481 1457 536 τὴν
1474 488 1564 523 τῶν
1582 484 1789 525 τοιούτων
1809 486 1899 525 Δια-

399 545 560 598 τάξεων
578 546 832 599 προσφόρως
851 546 1064 601 ἀποβολὴν
1081 545 1343 599 πεποιήμεθα
1365 546 1472 601 πρὸς
1490 546 1569 601 τὴν
1587 552 1664 589 τοῦ
1681 561 1899 600 χριστιανι-

401 610 600 653 κωτάτου
625 614 821 664 ποιμνίου
838 611 1061 665 οἰκοδομὴν
1079 613 1148 653 καὶ
1168 610 1404 663 ἀσφάλειαν,
1434 611 1624 665 ούδαμῶς
1644 613 1900 666 ἐγκρίνοντες

402 675 456 718 τὰ
484 679 562 729 τῆς
588 675 791 730 αἱρετικῆς
818 678 1089 730 ψευδολογίας
1115 675 1302 730 κυήματα
1338 679 1407 718 καὶ
1434 682 1486 730 τῇ
1513 680 1656 732 γνησίᾳ
1683 682 1770 719 τῶν
1799 674 1899 720 ἁπο-

404 740 573 783 στόλων
599 743 669 782 aaz
700 738 914 795 ὁλοκλήρῳ
942 742 1084 800 διδαχῇ
1111 743 1432 794 παρενείροντες.

1122 838 1179 872 xl.

828 903 1106 937 ANASTAsms
1128 903 1310 937 SINAITA
1334 904 1377 947 [c.
1402 904 1489 946 7oo].

517 967 786 1018 Quaestiones
816 975 854 1009 et
876 968 1169 1023 responsiones,
1198 968 1335 1022 Migne
1355 968 1424 1009 PG
1446 969 1510 1022 89.
1560 969 1900 1011 constitutionum

406 1032 617 1087 particulae
646 1031 699 1074 illi
727 1031 827 1074 libro
856 1033 990 1074 inserti
1018 1033 1199 1087 leguntur
1226 1033 1434 1087 separatim
1466 1040 1557 1087 post
1585 1033 1845 1075 Testimonia.

1115 1130 1186 1163 x11.

781 1193 980 1228 10ANN1-:s
1002 1194 1305 1229 DAMAscl-:NUS
1328 1196 1363 1239 [ψ
1386 1206 1414 1229 c.
1438 1195 1528 1239 750]-

522 1272 555 1300 ι.
602 1259 666 1301 De
693 1259 811 1300 sacris
840 1260 993 1301 ieiuniis
1023 1274 1054 1301 c.
1088 1273 1107 1314 3
1140 1259 1200 1302 ed.
1230 1259 1404 1315 Lequien
1439 1272 1542 1314 1712
1572 1260 1601 1311 Ι,
1632 1272 1728 1313 501;
1765 1261 1903 1315 Migne

406 1324 476 1366 PG
506 1336 573 1377 95,
594 1336 665 1377 70:
685 1320 978 1377 Ἆνεγκωκότες
1004 1324 1079 1373 τὰς
1107 1330 1195 1365 τῶν
1224 1322 1354 1378 ἁγίων
1382 1323 1630 1367 ἀποστόλων
1658 1324 1904 1379 Διαταγάς

406 1388 702 1441 ἐντεταγμένον
730 1386 920 1441 εὕρομεν
950 1388 1040 1442 Χρὴ
1067 1389 1280 1443 νηστεύειν
1307 1389 1383 1443 τὴν
1411 1387 1530 1443 ἁγίαν
1557 1390 1902 1444 τεσσαρακοστήν,

406 1452 657 1506 ἀρχομένους
684 1450 770 1495 ἀπὸ
797 1454 987 1507 δευτέρας
1012 1455 1081 1495 καὶ
1109 1454 1311 1508 λήγοντας
1339 1456 1395 1502 εἰς
1422 1453 1697 1507 παρασκευήν,
1730 1450 1821 1507 μεθ’
1852 1451 1905 1509 ἢν

407 1523 482 1572 τῆς
509 1516 735 1571 ἑβδομάδος
762 1523 840 1560 τοῦ
865 1518 1035 1567 πάθους
1059 1514 1269 1572 ἀρχόμεθα
1299 1519 1369 1574 (cf.
1391 1519 1438 1561 C.
1459 1521 1507 1560 A.
1530 1519 1580 1569 V,
1607 1532 1666 1572 13,
1690 1532 1724 1572 3.
1744 1519 1838 1574 4)..

405 1580 514 1624 Ἐπεὶ
553 1584 697 1624 τοίνυν
734 1598 876 1624 κανων
913 1598 1002 1624 των
1039 1580 1168 1637 ἁγίων
1208 1580 1456 1625 ἀποστόλων
1494 1584 1809 1634 διατετύπωται,
1848 1584 1903 1637 μὴ

409 1646 620 1701 νηστεύειν
639 1647 830 1700 σαββάτῳ
856 1650 924 1689 καὶ
943 1653 1130 1700 κυριακῇ,
1159 1650 1227 1690 καὶ
1246 1648 1458 1702 νηστεύειν
1476 1648 1553 1702 τὴν
1572 1645 1691 1701 ἁγίαν
1711 1659 1904 1700 τεσσαρα-

408 1710 578 1768 κοστήν,
606 1711 734 1765 τυχὸν
760 1711 837 1761 τὰς
862 1713 938 1766 μὲν
963 1713 1087 1755 πέντε
1105 1719 1180 1766 τῆς
1199 1711 1420 1766 ἑβδομάδος
1439 1713 1517 1766 τὴν
1534 1717 1718 1767 παντελῆ
1741 1711 1903 1755 α’σιτίαν

408 1776 639 1832 νηστεύειν·
669 1776 742 1826 τὰς
769 1778 813 1819 δὲ
841 1776 918 1819 δύο
935 1781 1012 1820 τοῦ
1030 1778 1239 1828 σαββάτου
1258 1780 1326 1819 καὶ
1343 1783 1418 1832 τῆς
1435 1783 1633 1831 κυριακῆς
1652 1775 1799 1831 ἡμέρας
1827 1777 1905 1832 τὴν

408 1847 543 1884 τινῶν
573 1841 806 1895 βρωμάτων
840 1841 1001 1895 α’ποχὴν
1034 1844 1319 1896 προστέταχεν.
1378 1841 1438 1884 Cf.
1476 1842 1522 1884 C.
1559 1845 1606 1883 A.
1644 1843 1693 1892 V,
1730 1855 1794 1892 20,
1836 1855 1904 1895 193

411 1906 499 1957 vn,
529 1918 596 1960 23,
628 1919 671 1960 3³
699 1906 804 1957 V111‚'
832 1920 884 1960 47
915 1921 947 1948 c·
979 1909 1043 1960 64-

520 1983 558 2013 2.
597 1970 694 2012 Ibid.
723 1971 896 2026 Lequien
925 1972 956 2022 Ι,
985 1983 1082 2025 5033
1110 1971 1179 2013 PG
1210 1983 1274 2024 95,
1306 1985 1374 2025 74:
1403 1973 1632 2022 Διάταξις
1660 1975 1746 2012 τῶν
1776 1969 1905 2024 ἁγίων

409 2035 675 2078 ἀποστόλων·
710 2035 819 2078 Μεθ’
845 2031 893 2089 ἧς
912 2033 1006 2089 ἡμῖν
1028 2038 1237 2086 φυλακτέα
1256 2034 1280 2089 ἡ
1301 2038 1464 2090 νηστεία
1483 2043 1557 2089 τῆς
1577 2035 1694 2089 ἁγίας
1711 2047 1904 2089 τεσσαρα·

409 2104 576 2154 κοστῆς,
607 2100 769 2156 μνήμην
801 2101 1042 2153 περιέχουσα
1075 2106 1149 2154 τῆς
1181 2105 1259 2143 τοῦ
1294 2104 1477 2154 Χριστοῦ
1509 2103 1718 2149 πολιτείας
1755 2117 1800 2143 τε
1836 2104 1904 2142 καὶ

410 2167 672 2219 νομοθεσίας.
726 2166 993 2207 ἐπιτελείσθω
1026 2166 1070 2207 δὲ
1102 2163 1128 2219 ἡ
1162 2169 1325 2219 νηστεία
1359 2162 1463 2220 αὕτη
1495 2166 1578 2218 πρὸ
1614 2170 1685 2219 τῆς
1721 2168 1906 2220 νηστείας

410 2237 490 2273 τοῦ
517 2230 663 2283 πάσχα,
693 2229 895 2284 ἀρχομένη
912 2232 986 2283 μὲν
1006 2227 1089 2271 ἀπὸ
1109 2232 1311 2282 δευτέρας,
1340 2232 1601 2284 πληρουμένη
1620 2232 1664 2271 δὲ
1693 2232 1750 2279 εἰς
1777 2245 1905 2283 παρα-

411 2295 573 2350 σκευήν.
619 2290 709 2349 μεθ’
741 2292 788 2342 ἃς
816 2293 1194 2348 α’πονηστεύσαντες
1221 2293 1401 2348 ἁρξασθε
1429 2300 1502 2348 τῆς
1530 2292 1643 2348 ἁγίας
1671 2300 1750 2336 τοῦ
1771 2294 1905 2347 πάσχα

410 2360 649 2414 ἑβδομάδος,
687 2359 953 2413 νηστεύοντες
980 2356 1109 2414 αὐτὴν
1137 2358 1315 2407 ἅπαντες
1351 2359 1452 2412 μετὰ
1478 2360 1613 2410 φόβου
1641 2361 1708 2400 καὶ
1736 2359 1905 2411 τρόμου,

408 2424 732 2480 προσευχόμενοι
765 2424 811 2465 ἐν
843 2423 950 2476 αύτῇ
984 2427 1076 2478 περὶ
1112 2429 1200 2466 τῶν
1235 2424 1545 2477 ἀπολλυμένων,
1590 2424 1634 2465 ἐν
1668 2419 1693 2475 ἧ
1727 2423 1905 2477 ἤρξαντο

410 2490 489 2545 τὴν
517 2490 625 2532 κατὰ
649 2494 727 2531 τοῦ
749 2491 893 2542 κυρίου
911 2489 1065 2543 βουλὴν
1084 2493 1294 2530 ποιεῖσθαι
1315 2489 1384 2543 (C.
1407 2491 1453 2530 A.
1476 2489 1526 2539 V,
1553 2500 1612 2542 13,
1636 2501 1670 2541 3.
1692 2503 1736 2541 4;
1763 2501 1823 2541 14,
1848 2488 1905 2543 1).

409 2555 655 2609 παρήγγειλε
687 2554 765 2608 γὰρ
798 2551 892 2607 ἡμῖν
919 2552 1047 2602 αὐτὸς
1075 2552 1284 2608 νηστεύειν
1310 2553 1386 2602 τὰς
1414 2553 1458 2604 ἓξ
1484 2552 1633 2607 ἡμέρας
1661 2553 1812 2602 ταύτας
1840 2553 1906 2594 διὰ

411 2621 491 2674 τὴν
517 2625 609 2662 τῶν
631 2616 842 2661 Ἰουδαίων
870 2620 1103 2669 δυσσέβειαν
1133 2618 1202 2673 (C.
1232 2620 1280 2660 A.
1313 2619 1362 2669 V,
1398 2631 1458 2671 14,
1483 2617 1570 2672 20).
1621 2617 1681 2659 Cf.
1713 2618 1906 2659 Anastasii

411 2686 678 2740 fragmentum
708 2684 778 2726 IX.

526 2763 561 2804 3.
591 2750 653 2791 De
674 2747 751 2791 fide
772 2747 993 2791 orthodoxa
1012 2748 1068 2790 IV
1088 2763 1120 2790 c.
1148 2761 1208 2802 17,
1237 2748 1411 2802 Lequien
1432 2748 1461 2798 Ι,
1483 2749 1581 2800 284;
1612 2747 1680 2788 PG
1701 2760 1766 2800 94,
1792 2760 1806 2788 1
1820 2760 1906 2800 179,

411 2818 514 2859 inter
547 2815 757 2870 scripturas
793 2814 899 2856 Novi
932 2813 1179 2856 Testamenti
1219 2820 1496 2855 enumerantur
1517 2814 1646 2854 -etiam
1686 2815 1726 2853 K
1732 2811 1906 2859 ανόνες

412 2887 502 2923 τῶν
530 2878 661 2934 ἁγίων
689 2877 940 2921 ἀποστόλων
968 2878 1034 2920 διὰ
1067 2877 1311 2931 Κλήμεντος.

1736 2942 1777 2975 2*
