2457 3436
675 384 858 414 culfum
886 385 967 440 xiix
996 385 1019 414 Ε
1046 385 1395 415 consriwrtoxmus
1423 386 1626 416 sxcnnvri.
1720 373 1895 415 XXXIII

1115 592 1184 632 vl.

521 688 773 729 currum
801 689 910 729 XXX
938 690 967 729 Ε
997 688 1473 730 consrrrunomnus
1501 690 1777 731 EXCERPTA.

511 805 626 847 Hanc
665 806 892 861 scripturam
932 821 953 847 e
988 808 1133 848 nostris
1170 806 1529 848 Constitutionibus
1562 806 1772 849 derivatam
1809 822 1894 849 esse

438 885 466 912 x
497 878 559 912 est
585 870 758 913 dubium.
806 871 983 926 Capitula
1001 871 1083 914 fere
1103 873 1236 913 omnia
1256 871 1304 913 ad
1325 885 1389 913 eas
1409 871 1540 913 referri
1561 880 1745 926 possunt;
1774 873 1895 915 multa

438 934 643 978 zrbotenus
678 950 726 977 ex
755 937 809 978 eis
839 936 1043 992 desumpta
1076 944 1185 988 sunt;
1221 937 1392 991 pluribus
1427 938 1584 978 nonnisi
1623 938 1895 992 inscriptiones

438 1002 576 1055 ipitum
593 1000 935 1043 Constitutionum
955 1009 1197 1057 repetuntur,
1218 1016 1316 1057 quae
1336 1010 1441 1044 certe
1461 1016 1542 1043 non
1563 1003 1733 1044 auctoris
1752 1004 1894 1057 operis,

438 1065 475 1108 :d
502 1065 704 1108 cuiusdam
734 1067 962 1121 posterioris
992 1074 1094 1109 sunt.
1141 1067 1234 1108 Duo
1263 1067 1326 1108 vel
1353 1067 1425 1109 tria
1453 1074 1604 1109 tanturn
1630 1067 1894 1110 difficultatem

438 1130 606 1182 raebent,
633 1145 732 1186 quae
761 1139 891 1173 autem
921 1131 1020 1173 solvi
1048 1139 1190 1186 potest.
1242 1131 1465 1173 Similitudo
1494 1132 1596 1173 inter
1624 1132 1826 1175 ecclesiam
1858 1141 1896 1175 et

438 1210 549 1238 avem
567 1195 827 1247 intercedens,
846 1210 946 1252 quae
966 1211 999 1239 c.
1026 1210 1040 1238 1
1063 1196 1237 1248 traditur,
1260 1196 1307 1238 ab
1326 1211 1371 1239 ea
1391 1196 1548 1252 quidem
1571 1197 1750 1252 divergit,
1778 1212 1894 1254 quam

438 1261 723 1303 'onstitutiones
752 1261 800 1310 11,
832 1275 880 1315 57
911 1261 1106 1313 exhibent,
1135 1261 1275 1316 legitur
1303 1269 1433 1304 autem
1464 1263 1504 1304 in
1534 1262 1671 1304 codice
1690 1262 1897 1305 Vindobo-

438 1327 533 1378 ensi,
571 1327 611 1368 in
645 1340 725 1381 quo
754 1327 1109 1369 Constitutionibus
1143 1335 1326 1382 tanquam
1362 1327 1549 1381 prologus
1585 1329 1894 1382 praemittuntur,

438 1406 505 1433 uae
534 1390 584 1433 de
611 1391 675 1433 illa
702 1406 745 1433 re
772 1392 812 1433 in
833 1392 1051 1433 Clementis
1079 1391 1240 1446 epistula
1266 1391 1315 1433 ad
1334 1392 1519 1434 Iacobum
1540 1407 1572 1435 c.
1600 1406 1647 1446 14
1666 1392 1767 1435 dicta
1785 1401 1896 1445 sunt;

438 1471 521 1512 nque
550 1464 751 1499 auctorem
781 1456 1050 1512 Capitulorum
1086 1457 1224 1499 librum
1262 1456 1313 1499 illi
1342 1456 1468 1499 codici
1497 1459 1759 1513 propinquum
1790 1459 1895 1500 adhi-

438 1522 551 1573 uisse,
580 1522 696 1564 etiam
725 1521 817 1564 inde
837 1522 974 1573 elucet,
1003 1521 1110 1577 quod
1140 1537 1172 1564 c.
1195 1525 1218 1564 6
1241 1537 1285 1564 ea
1305 1523 1449 1574 scribit,
1479 1537 1577 1578 quae
1607 1538 1696 1564 cum
1718 1525 1773 1564 eis
1802 1537 1896 1565 con-

438 1587 596 1638 :ntiunt,
624 1601 722 1642 quae
752 1587 816 1629 ille
843 1587 969 1629 codex
997 1594 1111 1642 atque
1132 1587 1445 1642 Petropolitanus
1474 1589 1511 1630 ei
1529 1588 1678 1640 similis,
1708 1602 1782 1630 nec
1801 1603 1895 1630 vero

438 1652 545 1707 :liqui
570 1659 756 1707 tanquam
785 1653 1081 1707 inscriptionem
1110 1652 1158 1694 ad
1179 1653 1226 1695 C.
1246 1653 1295 1695 A.
1316 1653 1363 1704 11,
1389 1667 1437 1708 ¹4
1455 1652 1623 1695 tradunt.
1672 1653 1786 1703 Quae
1816 1668 1849 1695 c.
1872 1655 1895 1695 8

438 1731 456 1759 e
485 1716 690 1760 ordinibus
719 1725 980 1772 exponuntur,
1008 1731 1102 1759 sane
1130 1718 1177 1760 ab
1208 1719 1262 1760 eis
1293 1717 1488 1769 differunt,
1517 1733 1615 1774 quae
1640 1719 1686 1761 C.
1707 1720 1755 1760 A.
1777 1718 1823 1768 11,
1845 1721 1895 1760 26

438 1790 602 1837 guntur.
650 1782 965 1824 Constitutiones
994 1790 1124 1824 autem
1154 1798 1242 1825 cum
1263 1783 1329 1824 illo
1350 1782 1439 1825 loco
1459 1785 1550 1826 satis
1572 1798 1659 1825 cum
1683 1784 1897 1826 Didascalia

438 1847 669 1898 amentiam,
699 1855 803 1889 certe
831 1849 1065 1890 sententiam
1086 1849 1346 1903 antiquiorem
1369 1849 1563 1900 exhibent,
1593 1857 1707 1904 atque
1735 1850 1799 1891 vix
1828 1849 1897 1891 du-

438 1914 512 1955 ium
554 1920 628 1964 est,
670 1920 871 1955 auctorem
907 1913 1180 1968 Capitulorum
1215 1913 1346 1955 locum
1382 1915 1720 1957 Constitutionum
1760 1922 1897 1969 utpote

438 1992 499 2020 iae
527 1978 643 2020 aetati
663 1978 792 2020 minus
813 1992 1032 2032 congruum
1054 1986 1238 2029 mutasse,
1268 1979 1340 2020 nisi
1370 1978 1472 2022 forte
1493 1994 1583 2022 eum
1605 1981 1679 2022 iam
1702 1980 1748 2021 ab
1768 1980 1897 2035 aliquo

438 2043 614 2085 :holiasta
643 2050 835 2085 mutatum
865 2043 1013 2098 legerit.
1064 2044 1179 2094 Quae
1208 2058 1239 2085 c.
1267 2057 1313 2097 17
1343 2044 1537 2098 leguntur,
1567 2059 1682 2099 aegre
1711 2045 1759 2087 ad
1780 2045 1827 2087 C.
1849 2047 1896 2086 A.

438 2107 472 2159 I,
497 2121 544 2161 17
565 2107 700 2149 referri
727 2115 905 2163 possunt,
936 2107 1000 2151 ubi
1029 2108 1242 2163 baptismus
1270 2109 1486 2164 symbolice
1506 2110 1714 2165 explicatur
1735 2118 1773 2152 et
1802 2125 1898 2165 aqua

438 2180 656 2228 nmparatur
676 2188 765 2215 cum
785 2172 978 2228 sepulcro,
999 2173 1203 2215 descensio
1224 2174 1263 2214 in
1284 2188 1423 2229 aquam
1446 2189 1535 2216 cum
1557 2183 1698 2227 morte,
1719 2177 1897 2217 ascensio

438 2252 496 2280 um
531 2238 819 2280 resurrectione
854 2238 1012 2289 Christi,
1049 2246 1164 2293 atque
1200 2238 1248 2280 ad
1283 2239 1330 2281 C.
1360 2241 1408 2282 A.
1439 2240 1542 2290 VIII,
1571 2254 1637 2294 47,
1669 2253 1719 2293 50
1755 2240 1815 2282 vel
1851 2241 1898 2282 ad

438 2317 605 2345 monem
635 2310 761 2357 apost.
783 2315 849 2356 50,
878 2303 942 2345 ubi
969 2310 1048 2345 tres
1077 2305 1295 2345 mersiones
1320 2318 1499 2359 expresse
1523 2312 1897 2347 commemorantur.

438 2375 470 2410 be
497 2375 633 2410 cetero
662 2369 854 2410 sententia
884 2369 1049 2423 capituli,
1078 2369 1389 2411 submersionem
1410 2369 1601 2424 triplicem
1631 2385 1719 2411 cum
1748 2370 1898 2411 duobus

438 2435 509 2476 itae
529 2432 677 2476 Christi
705 2432 855 2476 casibus
875 2434 1094 2484 conferens,
1122 2434 1221 2477 adeo
1241 2434 1385 2476 absona
1407 2442 1477 2484 est,
1507 2442 1549 2476 ut
1568 2436 1731 2477 minime
1752 2437 1898 2477 auctori

438 2498 569 2540 fficuim
589 2499 720 2553 operis
740 2497 928 2552 diligenti,
958 2498 1027 2541 sed
1055 2501 1185 2554 potius
1205 2500 1448 2555 compilatori
1470 2500 1531 2541 vel
1550 2502 1766 2556 excerptori
1788 2501 1899 2542 alicui

438 2563 637 2618 eglegenti
665 2562 908 2605 attribuenda
936 2565 997 2606 sit.
1045 2564 1177 2619 Itaque
1207 2580 1288 2607 non
1310 2572 1381 2616 est,
1410 2564 1517 2619 quod
1537 2565 1713 2620 Capitula
1733 2580 1755 2607 e
1774 2565 1900 2607 forma

438 2629 751 2671 :onstitutionum
772 2643 794 2670 a
813 2628 950 2671 tradita
970 2629 1120 2671 diversa
1139 2630 1201 2671 vel
1217 2645 1260 2672 ea
1276 2631 1494 2685 antiquiore
1509 2629 1665 2672 fluxisse
1681 2645 1898 2673 censemus

439 2695 513 2736 itra
540 2694 581 2735 in
611 2707 731 2747 opere
759 2693 857 2736 infra
884 2693 1079 2737 laudando
1107 2694 1155 2737 de
1176 2695 1368 2737 eiusmodi
1387 2695 1497 2737 sonte
1516 2695 1669 2737 locutus
1689 2703 1759 2747 est,
1789 2710 1900 2750 argu-

438 2766 544 2800 ienta
571 2772 668 2800 vero
697 2773 778 2800 non
808 2758 978 2814 protulit,

520 2823 617 2873 Quo
644 2831 824 2879 tempore
852 2825 1038 2879 scriptura
1067 2825 1243 2867 confecta
1272 2826 1333 2876 sit,
1367 2833 1543 2868 accurate
1572 2825 1722 2867 definiri
1752 2827 1900 2880 nequit.

438 2888 453 2930 i
482 2888 611 2930 solum
641 2888 717 2930 dici
745 2896 888 2944 potest,
917 2904 1003 2931 eam
1024 2889 1258 2945 aliquamdiu
1279 2899 1368 2946 post
1388 2891 1705 2933 Constitutiones
1725 2899 1900 2933 exortam

476 2953 598 2995 Fun,
620 2954 750 2989 Duusc.
772 2965 812 2988 ετ
833 2955 980 2990 Consum.
1001 2965 1053 2989 ΑΡ.
1097 2955 1136 2989 11.
1726 2956 1772 2989 111
