2457 3436
642 1100 681 1131 10

642 1436 682 1465 15

700 342 716 379 1
728 342 741 378 l
752 342 776 378 4
1287 345 1605 376 CONS'I'ITUTIONES

773 443 872 486 XXI
902 443 995 499 (m).
1031 443 1155 491 Quod
1184 444 1315 484 decet
1342 453 1445 484 eum
1473 443 1734 494 gratiarum
1764 444 1957 485 actione
1986 444 2126 485 edere.

810 520 1085 574 Unusquisque
1105 533 1195 560 cum
1215 519 1423 572 gratiarum
1445 519 1599 559 actione
1627 517 1668 558 in
1687 519 1862 559 nomine
1886 519 1966 559 Dei
1998 517 2100 569 edat3
2124 519 2144 559 h

701 586 806 626 enim
837 584 949 626 decet
978 584 1177 625 servitium
1207 584 1296 633 Dei,
1331 588 1373 624 ut
1407 596 1548 624 omnes
1581 582 1789 636 vigilemus
1820 590 1865 625 et
1896 583 2068 636 gentiles
2094 583 2147 624 nol

701 649 910 691 invideant.

1060 724 1176 766 XXII
1206 724 1312 779 (nn).
1351 725 1411 766 De
1441 735 1553 767 eona
1579 725 1839 766 viduarum.

818 814 849 843 1.
880 801 920 841 Si
940 801 1025 855 quis
1045 799 1201 854 quando
1222 799 1354 841 viduas
1374 800 1536 841 invitare
1557 799 1649 850 vult,
1678 812 1823 840 omnes
1848 807 1983 842 aetate
2005 811 2147 855 proveci

704 867 847 907 nutriat
866 873 981 920 atque
1000 865 1179 915 dimittat,
1199 866 1422 920 priusquam
1443 865 1687 920 vesperascit.
1727 876 1764 906 2.
1793 864 1835 906 Si
1858 873 2031 920 propter
2050 865 2147 906 clem

703 946 820 986 quem
858 932 1016 972 sortitae
1044 938 1147 980 sunt,
1184 929 1424 984 impossibile
1452 937 1523 980 est,
1560 928 1625 970 det
1660 930 1714 970 eis
1742 930 1886 970 vinum
1919 937 1961 971 et
1990 930 2128 985 aliquid

705 995 916 1046 edendum,
947 1002 984 1036 et
1014 994 1123 1036 domi
1153 993 1282 1044 edant,
1311 996 1411 1035 sicut
1439 994 1587 1035 volunt.

869 1093 1003 1134 XXIII
1033 1092 1155 1147 (mu).
1194 1095 1254 1134 Do
1283 1093 1507 1134 fructibus
1535 1092 1742 1143 episeopo
1771 1092 2043 1135 offerendis.

818 1182 848 1209 1.
880 1169 1037 1210 Omnes
1066 1168 1247 1210 studeant
1276 1169 1462 1221 episcopo
1493 1167 1603 1208 omni
1632 1173 1816 1221 tempore
1836 1167 1987 1210 offerre
2018 1169 2147 1222 primit'

704 1233 912 1284 fructuum,
932 1234 1075 1288 primas
1096 1240 1298 1274 creaturas.
1330 1245 1366 1273 2.
1381 1233 1596 1287 Episcopus
1618 1245 1681 1273 eas
1702 1246 1792 1273 cum
1814 1234 2034 1286 gratiarum
2051 1234 2145 1274 actio

705 1299 865 1353 accipiat
894 1313 1035 1352 easque
1063 1297 1278 1349 benedicat,
1315 1311 1464 1338 nomen
1499 1297 1700 1338 offerentis
1728 1298 1948 1338 nominans
1977 1313 2023 1339 ac
2053 1297 2147 1339 dicer

710 1376 743 1416 3.
774 1363 952 1414 „Gratias
980 1363 1048 1405 tibi
1069 1365 1234 1417 agimus,
1264 1377 1289 1404 o
1309 1363 1485 1404 Domine
1514 1369 1553 1403 et
1573 1362 1693 1412 Deus,
1724 1369 1763 1403 et
1792 1362 2004 1404 offerimus
2032 1363 2101 1404 tibi
2127 1377 2147 1417 p

707 1429 834 1470 mitias
854 1428 1063 1479 fructuum,
1093 1443 1192 1483 quos
1214 1426 1327 1469 nobis
1348 1426 1499 1477 dedisti,
1528 1434 1571 1468 ut
1599 1440 1800 1468 sumamus
1822 1441 1869 1468 ex
1891 1429 1963 1478 eis,
1993 1436 2147 1482 postqua

708 1508 777 1535 eos
806 1494 926 1534 verbo
955 1501 1025 1535 tuo
1055 1492 1248 1548 perfecisti
1277 1500 1392 1547 atque
1421 1499 1562 1533 terram
1592 1492 1733 1533 iussisti
1763 1505 1909 1533 omnes
1938 1492 2087 1534 fructus
2113 1508 2147 1547 pl

708 1573 837 1600 creare
866 1558 913 1600 ad
944 1559 1143 1600 utilitatem
1181 1565 1219 1599 et
1248 1557 1432 1610 gaudium
1462 1571 1506 1597 ac
1534 1557 1819 1597 nutrimentum
1849 1559 2012 1610 generis
2042 1559 2147 1599 huma

708 1632 746 1665 et
775 1625 954 1665 omnium
986 1631 1257 1665 creaturarum.
1315 1621 1589 1664 Glorificamus
1617 1629 1670 1672 te,
1699 1634 1725 1662 o
1754 1622 1878 1672 Deus,
1914 1630 2080 1677 propter
2108 1623 2147 1664 ha

708 1697 747 1730 et
776 1696 935 1743 propter
964 1689 1098 1730 omnia
1126 1688 1209 1739 alia,
1245 1688 1382 1742 quibus
1411 1686 1525 1728 nobis
1553 1686 1789 1737 benefecisti,
1825 1694 1954 1728 totam
1986 1695 2147 1730 creatura

643 1759 685 1790 20
710 1768 854 1795 ornans
883 1753 1068 1794 fructibus
1096 1754 1222 1803 variis,
1252 1767 1321 1807 per
1348 1759 1525 1793 sanctum
1550 1750 1670 1792 filium
1699 1758 1810 1792 tuum
1832 1752 1964 1793 Iesum
1987 1752 2147 1794 christu:

641 2125 682 2157 25

707 1833 777 1873 per
796 1833 914 1873 quem
932 1817 1001 1860 tibi
1021 1818 1144 1872 gloria
1165 1825 1203 1859 et
1222 1818 1256 1859 ei
1278 1825 1316 1858 et
1335 1817 1484 1872 spiritui
1498 1824 1633 1858 sancto
1649 1817 1689 1856 in
1705 1816 1839 1857 omnia
1859 1817 2027 1865 saecula,
2044 1832 2147 1859 amet

1030 1915 1167 1956 XXIV
1198 1913 1314 1969 (mv).
1353 1915 1606 1957 Benedictio
1633 1916 1881 1955 fruetuum.

822 2005 853 2032 1.
875 1991 925 2031 Hi
946 1998 1037 2032 sunt
1056 1990 1201 2032 fructus
1222 1989 1494 2031 benedicendi:
1516 2003 1602 2039 uva,
1618 1988 1727 2039 ficUS,
1743 1989 1904 2040 malum,
1921 1989 2039 2041 oliva,
2060 1992 2147 2045 piru}

708 2056 853 2097 malum
878 2063 1098 2109 granatum,
1129 2055 1273 2097 malum
1300 2055 1507 2109 persicum,
1537 2068 1725 2102 cerasum,
1754 2053 2023 2108 amygdalum.
2074 2068 2110 2096 2.
2137 2055 2147 2095 ἶ

707 2120 988 2162 benedicantor
1008 2120 1110 2162 lotus
1128 2120 1187 2176 (?)
1208 2135 1336 2174 neque
1356 2134 1449 2173 cepa
1470 2133 1597 2174 neque
1616 2118 1746 2160 allium
1767 2133 1896 2173 neque
1917 2132 2054 2174 pepon
2074 2134 2147 2175 neq

708 2186 947 2240 melopepon
976 2200 1104 2240 neque
1134 2186 1307 2227 cucumis
1336 2185 1441 2226 melo
1467 2198 1594 2239 neque
1621 2183 1722 2225 aliud
1749 2183 1841 2239 quid
1869 2184 2040 2226 olerum.
2096 2198 2130 2238 3.

706 2251 824 2292 flores
854 2250 1082 2300 offeruntur,
1112 2251 1318 2304 accipiatur
1345 2264 1433 2291 rosa
1454 2257 1492 2291 et
1512 2249 1650 2300 lilium3
1679 2249 1849 2303 reliquos
1870 2257 2004 2291 autem
2027 2265 2077 2292 ne
2097 2251 2147 2291 sic

705 2318 893 2371 accipere.
941 2330 979 2369 4.
1008 2316 1085 2357 Pro
1106 2314 1289 2356 omnibus
1309 2322 1452 2365 autem,
1482 2328 1580 2369 quae
1600 2313 1778 2364 eduntur,
1807 2315 1950 2367 gratias
1971 2315 2064 2357 Deo
2084 2329 2147 2368 aga

706 2395 827 2435 eaque
856 2388 1015 2435 gustent
1044 2381 1173 2421 Deum
1203 2379 1479 2433 glorificantes.

792 2493 813 2523 2
836 2500 910 2522 cum
941 2500 989 2532 gr.
1019 2488 1147 2521 actione
1169 2491 1212 2526 >
1236 2487 1263 2519 L
1287 2488 1293 2527 Ι
1319 2490 1339 2521 3
1363 2487 1458 2520 decet
1481 2498 1506 2521 s.
1530 2487 1592 2520 Dei
1616 2498 1624 2519 :
1648 2486 1723 2520 Deo
1746 2486 1853 2530 placet
1877 2486 1905 2519 L
1924 2488 1930 2529 Ι
1951 2487 2122 2528 servitium
2145 2511 2147 2518 ,

705 2552 818 2576 servos
840 2542 871 2575 T
891 2548 897 2584 Ι
916 2547 937 2576 8
960 2553 985 2576 s.
1002 2548 1076 2575 sunt
1101 2553 1108 2574 :
1132 2541 1264 2574 sortitus
1288 2546 1337 2574 est
1361 2540 1387 2573 L
1408 2543 1411 2581 Ι
1435 2545 1474 2574 14
1497 2551 1518 2574 ο
1542 2540 1685 2574 Domine
1709 2545 1742 2574 et
1765 2545 1807 2580 >
1828 2539 1855 2573 L
1875 2543 1879 2581 ξ
1902 2545 1942 2575 17
1967 2541 2143 2575 utilitatem

702 2600 746 2633 >
762 2596 787 2629 L
803 2597 807 2639 Ι
823 2600 864 2630 18
882 2607 949 2630 om.
967 2602 1185 2629 creaturarum
1202 2607 1209 2628 :
1227 2595 1379 2628 omnibus
1396 2595 1588 2628 animalibus
1604 2594 1630 2628 L
1644 2595 1649 2637 Ι
1664 2598 1708 2628 20
1723 2600 1873 2628 sanctum
1886 2599 1930 2634 >
1945 2594 1971 2628 L
1985 2595 1991 2639 Ι
2007 2595 2147 2629 Christm

706 2652 742 2689 -ξ-
769 2650 950 2683 Dominum
974 2655 1121 2683 nostrum
1146 2649 1173 2682 L
1193 2652 1197 2690 Ι
1217 2652 1256 2683 21
1283 2655 1315 2682 et
1340 2649 1371 2682 ei
1394 2655 1428 2683 et
1451 2648 1576 2692 spiritui
1599 2658 1625 2682 s.
1647 2653 1692 2688 >
1716 2647 1743 2681 L
1764 2651 1768 2689 Ι
1787 2652 1832 2683 24
1855 2649 1981 2682 malum
2005 2650 2147 2693 persicur

703 2705 917 2746 sycaminum,
941 2705 1105 2748 persicum
1129 2703 1155 2735 L
1175 2705 1178 2744 Ι
1200 2703 1413 2747 amygdalum
1437 2715 1445 2736 :
1471 2706 1509 2744 -ὶ-
1533 2704 1731 2736 damascena
1754 2702 1780 2736 L
1800 2704 1806 2745 Ι
1825 2707 1869 2738 25
1893 2703 1981 2737 lotus
2005 2708 2050 2743 >
2075 2703 2101 2737 L

744 2799 862 2840 XXIII,
891 2810 917 2834 1.
942 2800 993 2834 Cf.
1019 2800 1057 2834 C.
1080 2802 1121 2834 A.
1146 2801 1229 2842 VIII,
1257 2811 1307 2843 30.
1484 2801 1641 2845 primitias
1666 2800 1705 2834 C.
1728 2802 1769 2837 A.
1793 2800 1881 2842 vm,
1905 2810 1950 2841 40
1978 2802 2102 2845 aliquot
2125 2811 2147 2834 s«

748 2862 772 2894 3.
806 2853 890 2886 Cum
920 2855 982 2886 hac
1012 2855 1161 2888 oratione
1185 2855 1291 2888 oratio
1315 2865 1414 2899 super
1482 2856 1602 2889 tentias
1625 2865 1662 2888 ac
1687 2855 1786 2888 verba
1810 2856 2002 2889 communia
2027 2856 2133 2889 habet.
