2457 3436
733 367 999 397 Aposromnuu
1026 368 1092 403 vu,
1119 370 1172 406 40,
1195 370 1313 405 2-41,
1336 370 1364 399 4.
1713 358 1792 397 445

452 478 463 504 ι
493 463 541 505 ad
567 470 809 505 sacramenta
837 463 1083 517 percipienda
1111 463 1307 506 accedere.
1356 475 1393 505 2.
1423 464 1524 505 Nam
1555 470 1597 505 ut
1620 464 1793 518 optimus

452 542 472 569 a
511 535 695 582 repurgat
729 529 836 583 prius
867 542 1000 569 arvum
1041 542 1062 569 a
1095 527 1472 582 supercrescentibus
1511 529 1550 568 in
1586 543 1635 569 eo
1673 529 1792 583 spinis

453 608 475 635 e
494 594 587 634 serit
611 594 796 643 triticum,
824 594 877 635 ita
904 600 1064 648 oportet
1083 594 1199 634 etiam
1220 607 1292 634 vos
1321 594 1425 647 prius
1450 594 1561 634 omni
1593 594 1792 647 impietate

487 664 655 699 extracta
694 664 787 699 tunc
824 659 1007 713 pietatem
1047 658 1281 699 inseminare
1321 665 1360 699 et
1399 657 1592 711 baptismo
1634 657 1791 699 donare.

458 723 603 763 etenim
625 723 823 764 Dominus
842 732 977 765 noster
996 722 1109 764 nobis
1135 724 1329 777 praecepit
1348 722 1503 764 dicens:
1533 723 1670 763 Docete
1688 723 1792 776 prius

460 795 599 841 gentes,
634 795 673 829 et
700 794 794 829 tunc
821 787 1018 829 subiunxit
1052 787 1160 829 illud:
1191 787 1238 828 Et
1267 787 1452 842 baptizate
1487 802 1544 828 eos
1579 788 1616 828 in
1650 789 1796 828 nomine

452 861 484 893 et
505 851 589 906 filii
614 860 649 893 et
674 854 825 907 spiritus
851 854 984 894 sancti.

453 917 516 958 LI.
530 917 634 958 Cum
649 931 745 971 ergo
758 918 965 967 renuntiat,
977 918 1042 973 qui
1057 917 1278 973 baptizatur,
1298 918 1349 959 ita
1361 918 1513 959 recitet:
1534 929 1557 957 2
1571 917 1704 970 (XLI).
1721 917 1794 959 Re-

479 990 633 1023 satanae
663 989 701 1024 et
729 981 911 1036 operibus
941 983 1023 1023 eius
1044 989 1082 1024 et
1111 982 1266 1036 pompis
1296 983 1377 1023 eius
1404 990 1442 1023 et
1462 981 1626 1024 cultibus
1655 983 1736 1023 eius
1756 989 1794 1023 et

453 1078 455 1080 >
475 1048 557 1088 eius
577 1054 617 1088 et
635 1047 803 1089 inventis
826 1048 909 1088 eius
928 1061 972 1088 ac
992 1047 1190 1097 omnibus,
1219 1060 1317 1101 quae
1337 1046 1407 1088 sub
1426 1060 1475 1087 eo
1493 1054 1597 1087 sunt.
1644 1059 1678 1099 3.
1700 1047 1795 1088 Post

453 1112 639 1153 iationem
660 1125 769 1162 vero,
790 1111 882 1153 dum
903 1112 1082 1153 adscribit
1100 1126 1155 1162 se,
1183 1112 1301 1154 dicat:
1331 1112 1377 1153 Et
1396 1112 1594 1153 adscribor
1614 1112 1794 1162 Christ03

452 1175 560 1217 :redo
590 1183 629 1218 et
658 1176 830 1230 baptizor
857 1178 898 1217 in
927 1191 1048 1218 unum
1078 1178 1311 1229 ingenitum,
1339 1176 1467 1217 solum
1497 1191 1632 1218 verum
1663 1177 1793 1218 Deum

452 1308 585 1351 ἶριστῷ.
608 1306 707 1340 Certe
716 1306 881 1351 Origenes
893 1313 1021 1351 praeter

452 1360 583 1394 itionem
624 1361 723 1394 etiam
769 1367 898 1405 pactum
945 1371 1019 1394 cum

467 1415 644 1448 ineundum
673 1415 841 1458 cognitum
866 1415 965 1448 habet
988 1415 1020 1448 in

457 1468 544 1501 tione
566 1469 608 1501 ad
631 1469 822 1514 martyrium
846 1479 874 1502 c.
901 1478 938 1502 ¹2
969 1469 1019 1503 ed.

452 1533 497 1555 tau
529 1523 612 1566 1899
640 1534 672 1567 p.
699 1533 731 1556 11
760 1524 918 1556 scribens:
953 1524 1021 1557 Καὶ

452 1577 476 1611 Ιὲ
501 1573 595 1619 ἡμᾶς
617 1576 749 1611 εἰδέναι
769 1574 850 1620 χρή,
881 1572 934 1611 ὅτι
959 1575 1022 1617 τὰς

453 1631 530 1670 ἕνας
557 1633 623 1665 τοῦ
649 1633 740 1665 θεοῦ
763 1628 940 1674 διαθήκας
963 1629 1021 1665 ἐπὶ

453 1697 507 1724 αις
537 1682 821 1727 παρεδεξᾰμεθα
849 1680 906 1724 αἶς
933 1682 1022 1725 πρὸς

459 1736 724 1781 ἐποιησάμεθα,
764 1735 1020 1782 ἀναδεχόμεναι

452 1790 461 1825 ἰ
476 1791 757 1834 Χριστιανισμὸν
766 1796 886 1835 βιοῦν,
898 1798 931 1826 et
947 1793 1021 1826 ibid.

452 1873 456 1880 .
482 1845 536 1880 16:
565 1844 658 1880 Ἀλλὰ
689 1848 751 1880 καὶ
780 1846 819 1880 ἐν
840 1852 918 1886 ταῖς
939 1849 1022 1889 περὶ

454 1903 529 1940 είας
565 1898 767 1943 συνθήκαις
802 1897 910 1934 πάλαι
949 1906 1023 1940 τοῖς

452 1957 524 1990 ῦσιν
564 1951 657 1996 ὑμᾶς
702 1951 927 1997 dunel-Qu
965 1952 1022 1988 τό·

452 2014 500 2048 εἷς
513 2009 762 2050 λατρεύσομεν
777 2010 907 2053 xvpc'tp·
920 2002 1024 2047 οὗτος

470 2060 557 2102 θεὸς
592 2059 696 2105 ἡμῶν
727 2062 833 2097 ἐστιν.
879 2063 1022 2107 Respicit

474 2125 611 2159 15—23,
641 2122 674 2149 et
697 2117 933 2157 Kattenbusch‚
955 2117 1024 2150 Das

452 2171 507 2203 che
520 2171 645 2214 Symbol
660 2170 689 2204 11
705 2171 834 2214 (1900),
852 2180 906 2213 15¹
927 2181 958 2204 n.
972 2180 1023 2211 24,

476 2225 742 2258 Christianorum
779 2226 1023 2258 abrenuntiandi

458 2285 491 2312 et
507 2279 641 2312 ineundi
654 2284 786 2323 pactum
802 2289 876 2312 cum
892 2279 1023 2313 Christo

463 2332 581 2367 Sacrae
605 2333 790 2376 Scripturae
818 2333 894 2366 loco
923 2333 1023 2377 expli-

475 2397 549 2420 esse
572 2387 765 2431 suspicatur.

482 2441 679 2485 Symbolum
716 2442 748 2473 in
782 2442 844 2474 ritu
874 2442 1024 2485 baptismi

452 2496 524 2529 :ndo
542 2496 690 2529 inserens
707 2495 912 2529 Constitutor
935 2506 1023 2540 sym-

452 2550 568 2583 aatriae
591 2549 645 2583 vel
669 2549 830 2582 ecclesiae
853 2560 931 2583 suae
957 2551 1022 2583 ele-

453 2604 540 2637 nseri
553 2609 674 2647 potest.
697 2602 893 2647 Symbolum
905 2610 1026 2643 autem,

453 2658 581 2701 oponit,
596 2663 665 2690 tam
679 2667 783 2701 prope
799 2658 839 2690 ad
851 2656 1026 2691 formulam

457 2711 691 2745 Antiochenae
731 2721 761 2744 a.
791 2719 846 2753 341
880 2717 1024 2755 quartam

452 2771 554 2799 ratam
592 2765 634 2799 ab
669 2765 852 2798 Athanasio
886 2765 945 2808 Ep.
985 2766 1026 2799 de

472 2819 613 2853 Arimini
645 2824 680 2852 et
714 2818 881 2852 Seleuciae
917 2830 945 2852 c.
975 2829 1026 2862 25,

464 2874 506 2908 H.
531 2874 567 2907 Ε.
592 2874 630 2914 11,
651 2874 703 2913 18,
727 2872 850 2906 Hilario
875 2874 925 2906 De
948 2884 1024 2918 syn-

1085 1306 1159 1340 odis¹
1180 1318 1207 1340 c.
1224 1309 1281 1350 29)
1304 1308 1438 1348 accedit,
1461 1313 1495 1340 ut
1518 1308 1669 1340 conicere
1690 1307 1795 1347 liceat,

1085 1361 1161 1394 illud
1178 1372 1251 1394 cum
1269 1361 1330 1394 hac
1342 1361 1428 1394 idem
1445 1361 1497 1394 vel
1510 1361 1583 1394 huic
1596 1361 1796 1394 simillimum

1086 1415 1196 1449 fuisse.
1225 1415 1381 1448 Attamen
1399 1415 1606 1449 Constitutor
1622 1414 1796 1448 formulam

1086 1470 1139 1502 vix
1168 1469 1262 1512 plane
1291 1470 1452 1512 integram
1482 1470 1621 1513 repetiit,
1650 1469 1706 1502 sed
1735 1479 1796 1502 suo

1087 1533 1180 1556 more
1193 1523 1359 1567 paululum
1372 1523 1519 1562 mutavit,
1531 1522 1687 1556 nonnulla
1699 1523 1796 1556 verba

1086 1580 1253 1617 omittens,
1287 1577 1349 1610 alia
1383 1577 1515 1612 addens
1560 1577 1796 1615 Kattenbusch‚

1086 1633 1157 1665 Das
1171 1632 1379 1676 Apostolische
1403 1631 1526 1674 symbol
1547 1631 1560 1664 1
1583 1631 1711 1674 (1894),
1734 1631 1798 1664 260

1087 1694 1202 1728 —273,
1243 1686 1429 1731 symbolum
1464 1684 1743 1718 Constitutionum
1779 1696 1796 1717 a

1086 1740 1231 1774 Luciano
1243 1745 1385 1783 martyre
1399 1738 1581 1783 profectum
1596 1745 1657 1772 eta
1668 1738 1797 1784 synodo

1088 1794 1294 1828 Antiochena
1328 1801 1497 1837 receptum
1527 1792 1627 1826 fuisse
1661 1793 1797 1832 censuit,

1087 1858 1147 1881 nec
1172 1858 1251 1881 vero
1276 1847 1434 1892 probavit.
1473 1847 1570 1880 Ratio
1595 1847 1701 1890 potius
1718 1858 1796 1880 con-

1087 1902 1182 1936 traria
1198 1908 1258 1935 est.
1287 1902 1502 1941 Constitutor,
1515 1902 1568 1945 qui
1581 1902 1664 1935 circa
1676 1912 1798 1934 annum

1088 1965 1152 1997 400
1182 1956 1308 2000 scripsit
1343 1962 1374 1989 et
1408 1956 1564 1989 Canones
1597 1956 1798 1999 apostolicos

1088 2021 1292 2054 componens
1312 2016 1399 2043 certe
1416 2021 1559 2043 canones
1575 2009 1695 2054 synodi
1705 2010 1798 2042 Anti-

1088 2065 1235 2098 ochenae
1265 2065 1296 2097 in
1327 2075 1420 2097 usum
1451 2074 1545 2097 suum
1575 2065 1681 2103 vertit,
1709 2070 1798 2097 recte

1089 2120 1187 2152 etiam
1203 2118 1376 2152 formulam
1393 2118 1477 2151 illius
1496 2118 1615 2163 synodi
1631 2118 1798 2162 repetiisse

1089 2173 1255 2212 iudicatur,
1284 2172 1345 2205 nisi
1373 2171 1458 2205 forte
1482 2172 1656 2205 formulam
1679 2173 1744 2204 iam
1767 2173 1798 2204 in

1089 2227 1226 2260 ecclesia
1246 2237 1303 2259 sua
1327 2226 1477 2259 usitatam
1496 2227 1664 2259 invenerit.
1705 2226 1796 2258 Luci·

1089 2292 1152 2314 ano
1186 2285 1314 2313 veteres
1349 2280 1521 2313 formulam
1558 2280 1798 2312 Antiochenam

1089 2335 1266 2368 secundam
1282 2334 1475 2375 adscribunt,
1490 2335 1693 2368 Sozomenus
1710 2333 1750 2366 H.
1763 2334 1799 2365 E.

1090 2389 1142 2428 111,
1162 2399 1188 2430 5,
1206 2388 1351 2433 synodus
1359 2388 1524 2421 (lariensis
1543 2398 1572 2420 a.
1592 2388 1652 2430 387
1668 2386 1708 2420 cf.
1727 2388 1800 2420 δον..

1090 2443 1145 2482 VI,
1167 2452 1214 2482 12,
1238 2448 1351 2476 auctor
1373 2443 1578 2485 dialogorum
1602 2442 1643 2474 de
1659 2441 1800 2474 trinitate

1089 2502 1228 2541 septem,
1263 2497 1316 2540 qui
1345 2497 1404 2529 sub
1436 2496 1570 2529 nomine
1599 2495 1801 2528 Theodoreti

1090 2549 1369 2590 circumferuntur,
1408 2550 1448 2583 cf.
1484 2549 1690 2583 Theodoreti
1724 2560 1801 2593 opp.

1092 2606 1141 2638 ed.
1165 2604 1303 2638 Schulze
1327 2604 1366 2643 V,
1390 2613 1463 2648 992.

1135 2669 1165 2700 4.
1178 2656 1373 2701 ἀγέννητον
1389 2656 1502 2700 μόνον
1514 2654 1700 2701 ἀληθινόν]
1714 2658 1801 2691 Haec

1092 2713 1188 2747 verba
1207 2713 1323 2746 desunt
1340 2713 1372 2745 in
1389 2712 1526 2745 formula
1540 2713 1746 2745 Antiochena
1758 2713 1801 2745 lv

1092 2773 1122 2800 et
1153 2777 1170 2799 a
1203 2766 1426 2800 Constitutore
1459 2766 1566 2799 addita
1595 2776 1669 2799 esse
1700 2767 1802 2810 putari

1093 2826 1239 2864 possunt.
1263 2820 1315 2852 De
1329 2831 1412 2854 voce
1424 2819 1616 2864 ἀγέιϊητος
1627 2820 1669 2853 cf.
1683 2831 1710 2854 c.
1722 2829 1770 2864 39,
1784 2830 1800 2852 2

1093 2881 1161 2908 not.
1216 2874 1324 2908 Voces
1358 2871 1467 2916 μόνος
1500 2868 1670 2917 ἀληθινὸς
1704 2874 1802 2906 inter·

1818 1056 1860 1086 10
