2457 3436
1039 279 1267 308 summum&
1819 270 1895 307 175

400 376 613 426 nationum,
628 377 920 430 principatuum,
938 382 1159 427 potestatum
1166 389 1183 423 ,·
1209 374 1277 416 tibi
1297 376 1480 417 assistunt
1501 374 1580 416 duo
1601 375 1894 416 honoratissimi

405 439 602 495 Seraphim
631 441 736 482 senis
755 440 823 481 alis
853 439 1027 495 praediti,
1056 439 1152 480 binis
1179 440 1252 480 alis
1279 439 1447 481 velantes
1465 441 1624 494 faciem,
1654 440 1750 481 binis
1772 439 1894 494 pedes,

404 505 500 546 binis
540 505 709 546 volantes
748 513 787 546 et
824 504 1128 555 sanctificantes;
1183 518 1241 546 10.
1282 519 1372 546 cum
1409 504 1548 560 quibus
1585 505 1738 558 suscipe
1779 505 1892 546 etiam

406 578 580 611 nostram
612 569 959 611 sanctificationem
987 568 1218 611 dicentium:
1252 569 1423 619 Sanctus,
1451 578 1614 618 sanctus,
1642 577 1794 610 sanctus
1813 569 1892 610 Do-

406 636 528 676 minus
550 635 712 677 Sabaoth
717 649 735 684 ;
754 634 909 689 plenum
940 641 997 675 est
1023 633 1173 675 caelum
1192 642 1226 675 et
1244 642 1347 675 terra
1363 634 1490 689 gloria
1509 642 1587 675 tua.
1642 648 1656 675 1
1670 649 1699 675 1.
1730 634 1892 675 Plenum

407 706 463 741 est
492 698 656 749 caelum,
685 698 802 754 plena
831 706 888 740 est
917 705 956 740 et
984 706 1085 739 terra
1112 699 1239 752 gloria
1266 707 1331 740 tua
1367 698 1584 753 magnifica,
1620 699 1782 740 Domine
1814 701 1893 740 vir-

406 772 550 813 tutum;
577 762 695 818 imple
725 764 842 804 etiam
871 764 948 804 hoc
977 762 1206 804 sacrificium
1228 764 1368 805 virtute
1386 771 1451 805 tua
1477 770 1515 804 et
1536 764 1894 805 communicatione

372 835 376 838 ’
405 836 481 870 tua.
538 827 629 869 Tibi
659 828 762 869 enim
793 827 1004 870 obtulimus
1035 827 1110 869 hoc
1137 827 1363 882 sacrificium
1392 829 1535 878 vivum,
1567 827 1806 870 oblationem
1838 829 1894 869 in-

405 901 618 935 cruentam.
681 905 739 934 12.
780 892 871 934 Tibi
907 892 1117 934 obtulimus
1152 893 1256 934 hunc
1290 907 1446 948 panem,
1479 892 1772 935 similitudinem
1810 907 1894 935 cor-

405 958 510 1011 poris
540 959 742 1011 unigeniti.
792 958 866 999 Hic
895 959 1004 1011 panis
1034 958 1154 999 sancti
1176 959 1352 1011 corporis
1372 965 1430 999 est
1449 958 1677 1007 similitudo,
1707 959 1894 1013 quoniam

405 1023 593 1064 Dominus
619 1023 720 1064 Iesus
751 1022 934 1072 Christus,
964 1024 1002 1063 in
1031 1037 1105 1077 qua
1134 1031 1235 1064 nocte
1262 1023 1496 1072 tradebatur,
1525 1026 1661 1078 accepit
1683 1033 1821 1078 panem
1850 1037 1895 1064 ac

397 1089 519 1142 fregit
547 1087 716 1143 deditque
742 1088 932 1143 discipulis
953 1089 1030 1129 suis
1057 1087 1201 1129 dicens:
1235 1089 1398 1143 Accipite
1425 1097 1457 1129 et
1486 1089 1722 1137 manducate,
1751 1089 1816 1129 hoc
1844 1097 1895 1129 est

404 1160 535 1208 corpus
561 1167 697 1203 meum,
725 1153 822 1208 quod
841 1161 914 1208 pro
929 1153 1032 1194 vobis
1042 1154 1247 1207 frangitur
1276 1155 1314 1194 in
1335 1153 1610 1194 remissionem
1631 1161 1893 1208 peccatorum.

409 1230 469 1271 13.
507 1218 719 1272 Propterea
748 1224 787 1258 et
816 1232 890 1258 nos
917 1218 1201 1258 similitudinem
1229 1220 1357 1258 mortis
1386 1218 1624 1260 celebrantes
1654 1232 1796 1273 panem
1826 1218 1895 1260 ob-

403 1282 578 1332 tulimus,
615 1289 653 1324 et
692 1282 965 1336 deprecamur:
1005 1296 1073 1336 per
1108 1283 1185 1324 hoc
1220 1281 1450 1324 sacrificium
1493 1283 1742 1325 reconciliare
1781 1283 1895 1325 nobis

404 1346 589 1388 omnibus
618 1355 656 1389 et
685 1347 908 1402 propitiare,
938 1347 1044 1388 Deus
1070 1349 1240 1389 veritatis
1247 1362 1264 1396 ,·
1291 1355 1329 1389 et
1354 1349 1453 1389 sicut
1479 1348 1541 1389 hic
1562 1349 1671 1402 panis
1700 1347 1895 1402 dispersus

404 1420 486 1454 erat
513 1426 628 1467 supra
657 1420 815 1454 montes
845 1420 884 1454 et
909 1411 1096 1454 collectus
1116 1412 1237 1454 factus
1258 1420 1316 1454 est
1336 1413 1373 1453 in
1396 1426 1531 1463 unum,
1562 1414 1612 1454 ita
1632 1420 1671 1454 et
1692 1413 1893 1454 ecclesiam

403 1484 511 1519 tuam
540 1485 712 1519 sanctam
744 1477 883 1530 collige
913 1491 961 1518 ex
990 1478 1101 1518 omni
1119 1484 1239 1531 gente
1268 1485 1307 1519 et
1336 1479 1445 1518 omni
1465 1485 1567 1519 terra
1596 1486 1635 1520 et
1664 1478 1775 1519 omni
1800 1477 1896 1519 urbe

405 1549 443 1583 et
478 1543 568 1583 vico
611 1549 650 1584 et
685 1541 809 1583 domo
846 1549 885 1583 et
922 1541 1041 1584 redde
1080 1557 1196 1583 unam
1237 1544 1364 1584 vivam
1407 1543 1636 1585 catholicam
1678 1542 1893 1585 ecclesiam.

409 1620 469 1659 14.
505 1606 733 1648 Obtulimus
767 1607 884 1648 etiam
921 1606 1094 1656 calicem,
1129 1607 1422 1649 similitudinem
1460 1609 1671 1661 sanguinis,
1706 1609 1892 1662 quoniam

405 1672 593 1713 Dominus
619 1672 720 1712 Iesus
750 1671 922 1714 Christus
949 1674 1084 1727 accepit
1119 1672 1288 1722 calicem,
1316 1680 1512 1728 postquam
1546 1675 1705 1723 cenavit,
1739 1682 1772 1714 et
1800 1672 1894 1713 dixit

405 1735 602 1790 discipulis
618 1737 715 1778 suis:
745 1737 922 1791 Accipite,
950 1737 1073 1787 bibite,
1099 1737 1164 1778 hoc
1183 1745 1234 1778 est
1253 1751 1389 1779 novum
1408 1745 1679 1788 testamentum,
1709 1737 1816 1793 quod
1837 1750 1895 1779 est

402 1803 558 1856 sanguis
586 1816 700 1851 meus,
734 1803 799 1857 qui
816 1810 890 1857 pro
917 1801 1020 1843 vobis
1048 1801 1258 1857 effundetur
1292 1805 1330 1843 in
1365 1804 1613 1844 remissionem
1644 1812 1892 1858 peccatorum.

405 1866 614 1921 Propterea
650 1866 860 1908 obtulimus
900 1868 1017 1908 etiam
1061 1881 1136 1908 nos
1172 1868 1329 1909 calicem
1366 1867 1658 1909 similitudinem
1696 1869 1894 1922 sanguinis

1921 966 1964 996 10

1923 1287 1965 1319 15

1918 1611 1962 1642 20

404 1930 646 1973 adhibentes.
707 1944 767 1984 15.
804 1931 1011 1981 Adveniat‚
1042 1931 1147 1972 Deus
1174 1934 1355 1982 veritatis,
1384 1939 1561 1974 sanctum
1592 1940 1701 1974 tuum
1732 1932 1893 1974 verbum
1918 1935 1963 1966 25

404 2028 505 2062 Marci
529 2034 704 2073 postquam
721 2028 898 2073 Trisagion
921 2028 1116 2072 angelorum

406 2083 547 2126 protulit,
576 2082 699 2127 pergit:
727 2080 882 2121 πάντοτε
910 2083 978 2124 μὲν
999 2080 1116 2117 πάι-τα

405 2148 445 2171 σε
469 2133 626 2180 ἁγιάζει,
650 2134 737 2171 ἀλλὰ
761 2139 823 2170 καὶ
843 2135 953 2179 μετὰ
973 2134 1117 2171 πάντων

405 2194 476 2225 τῶν
503 2202 546 2225 σε
578 2186 849 2234 ἁγιαζόντων
878 2190 1016 2232 δέξαι,
1061 2191 1116 2225 δέ·

405 2256 519 2280 σποτα
549 2243 666 2288 κύριε,
700 2247 772 2279 καὶ
801 2243 874 2279 τὸν
903 2241 1117 2289 ἡμέτερον

405 2296 426 2332 ἆ
434 2312 456 2343 y
463 2313 475 2333 ι
482 2312 504 2334 α
513 2311 535 2333 σ
542 2311 567 2341 μ
576 2297 596 2332 ὁ
603 2311 623 2332 ν
635 2296 701 2334 σὺν
707 2295 830 2338 αὐτοῖς
838 2295 1045 2341 ὑμνούντων
1053 2301 1114 2332 καὶ

405 2350 641 2397 λεγόντων·
666 2348 803 2396 Ἄγιος
834 2347 961 2396 ἅγιος
992 2348 1116 2397 ἅγιος

405 2404 554 2450 κύριος
578 2405 786 2451 Σαβαιόθ,
817 2405 978 2451 πλήρης
1001 2404 1021 2442 ὁ
1045 2404 1114 2442 013-

406 2459 534 2504 ρανὸς
567 2463 639 2495 καὶ
671 2457 691 2504 ἡ
722 2465 773 2505 γῆ
803 2465 876 2505 τῆς
903 2457 1010 2504 ἁγίας
1037 2473 1116 2496 σου

406 2513 541 2559 δόξης.
601 2513 766 2558 πλήρης
803 2513 873 2559 γάρ
910 2515 1032 2550 ιε’στιιΙ
1069 2512 1117 2555 ὥς

405 2567 552 2613 ἀληθῶς
580 2565 600 2603 ὃ
623 2567 806 2611 οὐρανὸς
827 2571 899 2604 καὶ
925 2566 945 2612 ἡ
970 2573 1020 2613 γῆ
1045 2572 1118 2613 τῆς

406 2619 509 2667 ἁγίας
523 2635 575 2658 σο
584 2636 603 2658 υ
621 2621 748 2667 δόξης
762 2621 820 2657 διὰ
832 2627 896 2667 τῆς
907 2623 1119 2666 ἐπιφανείας

408 2681 467 2713 τοῦ
494 2679 625 2721 κυρίου
653 2680 715 2712 καὶ
743 2681 836 2713 θεοῦ
867 2679 929 2712 καὶ
957 2682 1118 2722 σωτῆρος

409 2728 506 2774 ἡμῶν
536 2729 647 2775 Ἰησοῦ
678 2733 853 2774 Χριστοῦ·
888 2730 1118 2776 πλήρωσον

408 2781 427 2817 ὃ
454 2784 543 2826 θεὸς
570 2787 642 2820 καὶ
671 2784 828 2829 ταύτην
856 2784 930 2829 τὴν
958 2788 1117 2820 θυσίαι·

1182 2033 1253 2072 τῆς
1276 2028 1372 2072 παρὰ
1395 2032 1462 2064 σοῦ
1487 2027 1654 2073 εὐλογίας
1668 2028 1726 2063 διὰ
1743 2033 1804 2073 τῆς
1821 2029 1895 2064 ἐπι-

1182 2081 1384 2126 σροιτήσεως
1413 2087 1477 2118 τοῦ
1500 2085 1678 2127 παιάγίου
1701 2096 1767 2118 σου
1790 2085 1895 2119 πνεύ-

1181 2150 1303 2179 ματος.
1333 2137 1441 2171 Verba
1454 2138 1567 2171 litteris
1580 2138 1729 2171 distentis
1742 2148 1895 2182 expressa

1183 2192 1280 2224 etiam
1304 2192 1390 2236 apud
1412 2192 1625 2236 Serapionem
1650 2192 1813 2235 leguntur.

1230 2245 1452 2289 15.Epiclesis.
1470 2267 1487 2270 --
1498 2244 1751 2290 ἐπιδημησάτω
1761 2242 1780 2280 ὁ
1793 2241 1897 2289 ἅγιός

1182 2311 1248 2334 σου
1263 2298 1385 2343 λόγος]
1402 2300 1556 2334 Similiter
1572 2300 1652 2333 infra
1669 2301 1701 2333 in
1718 2300 1896 2334 benedicti-

1181 2364 1246 2387 one
1261 2364 1416 2398 aquarum
1435 2365 1463 2387 c.
1486 2364 1534 2397 19,
1555 2363 1651 2387 1—2:
1675 2356 1736 2387 καὶ
1754 2352 1895 2397 πλήρω-

1182 2420 1248 2443 σον
1257 2405 1346 2443 αὐτὰ
1359 2405 1562 2450 πνεύματος
1574 2405 1691 2451 ἁγίου.
1709 2405 1729 2443 ὁ
1742 2404 1897 2453 ἄρρητός

1182 2474 1250 2496 σου
1272 2459 1396 2506 λόγος
1425 2461 1464 2496 ἐν
1486 2460 1608 2502 αὐτοῖς
1631 2462 1797 2505 γενέσθω
1821 2466 1895 2496 κτλ.

1184 2517 1335 2550 Irenaeus
1364 2517 1447 2550 Adv.
1471 2517 1560 2550 haer.
1585 2517 1624 2556 V,
1648 2526 1677 2557 2,
1705 2527 1737 2559 3:
1773 2514 1813 2550 τὸ
1836 2530 1896 2551 κε-

1184 2569 1365 2613 κραμένον
1394 2568 1565 2613 ποτήριον
1595 2572 1655 2603 καί
1686 2566 1706 2604 ὁ
1736 2569 1897 2613 γεγονώς

1183 2620 1291 2668 ἄρτος
1298 2624 1496 2667 ἐπιδέχεται
1511 2622 1573 2658 τὸν
1586 2628 1604 2658 λ
1613 2623 1718 2667 όγον
1730 2628 1793 2659 τοῦ
1804 2628 1896 2660 θεοῦ

1183 2680 1245 2712 καὶ
1269 2680 1404 2722 γίνεται
1429 2674 1449 2721 ἡ
1468 2675 1673 2722 εὐχαριστία
1689 2683 1793 2720 σῶμα
1810 2681 1897 2722 Χρι-

1184 2736 1283 2773 στοῦ,
1317 2732 1371 2772 lv,
1400 2733 1448 2772 18,
1474 2743 1506 2775 5:
1531 2728 1638 2776 ἄρτος
1660 2736 1894 2777 προσλαμβα-

1184 2784 1333 2829 νόμενος
1356 2784 1418 2829 τὴν
1432 2785 1618 2829 ἐπίκλησιν
1642 2790 1705 2822 τοῦ
1724 2790 1815 2822 θεοῦ
1839 2788 1897 2827 (de
