2457 3436
695 374 961 405 Apos‘romnmt
990 375 1069 411 vm,
1097 377 1128 414 2,
1152 377 1247 413 9—4,
1273 378 1300 407 l.

1664 365 1740 404 471

452 471 497 511 ;si
531 478 623 512 sunt
659 469 759 512 fines
792 485 898 520 suoS,
936 472 1007 512 etsi
1044 485 1065 512 a
1100 471 1206 513 Deo·
1227 470 1466 512 amabantur.
1523 484 1560 523 9.
1594 470 1671 512 Sed
1707 478 1744 512 et

459 535 803 590 prophetaverunt,
823 535 918 577 olim
938 536 1097 590 quidem
1118 536 1239 577 Maria
1258 549 1373 577 soror
1392 536 1517 577 Mosis
1537 543 1577 577 et
1592 537 1744 586 Aaron3

452 614 473 642 c
508 614 604 642 vero
632 600 828 650 Debbora‚
862 607 1030 655 postque
1063 600 1144 642 illas
1172 600 1301 657 Holda
1336 608 1376 642 et
1403 601 1544 650 Iudith,
1579 600 1641 642 illa
1674 600 1745 642 sub

452 679 488 706 ec
508 664 579 706 sub
599 666 734 706 Dario.
772 665 899 707 Mater
919 666 1035 707 etiam
1055 666 1219 707 Domini
1241 665 1500 721 prophetavit,
1522 673 1560 707 et
1579 665 1745 706 Elisabet

452 731 528 771 zius
547 737 587 771 et
603 731 734 780 Anna,
761 743 806 771 ac
824 737 958 771 nostra
977 737 1102 771 aetate
1121 729 1220 771 filiae
1241 730 1426 785 Philippi3
1455 743 1591 771 verum
1610 737 1742 771 tamen
1789 737 1810 769 5

452 794 637 835 dversum
656 795 762 836 viros
782 795 1013 845 extulerunt,
1042 795 1112 836 sed
1130 794 1401 836 custodierunt
1427 795 1592 837 modum
1615 809 1744 836 suum.

452 874 487 901 te
504 860 536 901 si
566 867 605 901 et
633 860 672 900 in
693 859 805 900 vobis
824 860 883 900 vir
903 860 1092 914 quispiam
1114 861 1163 901 sit
1181 868 1247 902 aut
1274 859 1414 901 mulier
1433 860 1591 902 alicuius
1615 859 1744 901 huius-

452 925 541 966 itiae
570 925 773 978 particeps,
808 924 1004 966 humiliter
1033 923 1081 966 de
1109 939 1152 966 se
1180 926 1333 975 sentiat,
1369 932 1412 966 ut
1439 925 1568 966 Deum
1609 924 1745 966 habeat

453 1003 513 1030 m:
546 989 664 1043 Super
682 1004 789 1044 quem
810 989 928 1040 enim,
948 990 1085 1044 inquit,
1115 991 1321 1044 respiciam,
1349 991 1425 1030 nisi
1439 998 1549 1044 super
1566 989 1744 1031 humilem

452 1069 482 1094 π
510 1062 544 1094 ct
570 1062 784 1095 trementem
811 1068 996 1096 sermones
1021 1056 1146 1096 meos?

460 1118 576 1168 Quae
604 1120 723 1173 igitur
749 1120 874 1173 prima
903 1126 1011 1161 erant
1039 1119 1152 1161 huius
1181 1120 1384 1170 orationis,
1419 1133 1463 1161 ea
1493 1120 1744 1174 exposuimus

452 1183 642 1234 imatibus,
673 1197 928 1239 quaecunque
957 1184 1065 1225 Deus
1093 1185 1196 1225 iuxta
1225 1183 1466 1225 voluntatem
1496 1198 1606 1225 suam
1635 1198 1743 1238 prae-

452 1248 611 1299 iinibus3
646 1257 685 1290 et
712 1248 918 1303 quomodo
948 1262 1100 1299 eorum,
1135 1249 1199 1303 qui
1230 1249 1431 1290 mendacia
1465 1249 1573 1304 loqui
1608 1263 1744 1303 aggre-

452 1327 462 1353 .-
494 1321 560 1355 aut
594 1313 721 1355 alieno
755 1314 890 1367 spiritu
927 1313 1197 1362 movebantur,
1233 1327 1364 1355 mores
1400 1313 1670 1365 confutaverit,
1706 1322 1744 1356 et

452 1392 511 1432 :pe
540 1379 649 1419 Deus
682 1378 871 1432 improbis
900 1377 947 1419 ad
975 1377 1220 1432 prophetiam
1250 1386 1288 1419 et
1324 1379 1599 1420 miraculorum
1633 1378 1744 1421 editi-
1771 1384 1809 1414 15

453 1456 497 1484 us
524 1443 586 1484 sit.
635 1455 672 1484 2.
700 1443 817 1485 Nunc
837 1457 933 1485 vero
961 1443 1009 1485 ad
1029 1444 1277 1498 praecipuum
1309 1443 1587 1485 ecclesiasticae
1615 1443 1744 1498 dispo-

452 1508 570 1549 sratio
604 1521 680 1548 nos
713 1507 910 1562 pertrahit,
945 1515 986 1549 ut
1021 1515 1060 1549 et
1095 1508 1193 1548 hanc
1222 1522 1243 1548 a
1278 1507 1391 1550 nobis
1425 1508 1619 1550 discentes
1648 1523 1743 1550 con-

452 1587 503 1614 em
534 1586 620 1623 vos,
648 1573 712 1627 qui
737 1572 884 1615 Christi
912 1581 1009 1615 nutu
1041 1587 1111 1627 per
1139 1586 1213 1613 nos
1243 1572 1409 1614 ordinati
1439 1574 1529 1615 estis
1559 1574 1744 1628 episcopi,

452 1638 567 1679 iciatis
595 1637 811 1700 secundum
842 1637 1022 1679 mandata
1048 1652 1070 1678 a
1100 1637 1212 1679 nobis
1246 1637 1402 1689 tradita3
1430 1639 1610 1689 scientes,
1638 1639 1745 1693 quod

452 1702 560 1752 rudit,
592 1702 783 1743 Christum
802 1702 909 1744 audit
913 1717 931 1752 ;
957 1704 1022 1758 qui
1047 1716 1135 1744 vero
1156 1702 1347 1743 Christum
1372 1702 1490 1752 audit,
1520 1703 1645 1744 Deum
1669 1705 1746 1744 eius
1767 1707 1810 1738 20

452 1782 473 1808 n
502 1767 622 1817 audit,
652 1768 713 1809 cui
741 1767 865 1821 gloria
893 1768 932 1808 in
962 1767 1125 1818 saecula,
1154 1781 1282 1809 amen.

483 1831 608 1873 Simul
655 1833 771 1886 igitur
814 1833 1041 1874 exsistentes
1083 1847 1161 1874 nos
1198 1832 1406 1874 duodecim
1448 1833 1611 1874 Domini
1652 1847 1745 1887 apo-

454 1911 499 1938 ce
536 1897 694 1938 divinas‘
723 1899 1024 1939 constitutiones
1067 1898 1115 1939 de
1155 1899 1266 1939 omni
1307 1897 1568 1939 ecclesiastico
1606 1897 1745 1939 ordine

456 2178 512 2211 Vl.
542 2179 596 2212 Ad
618 2178 701 2212 hanc
723 2178 905 2212 sectionem
928 2178 968 2212 cf.

452 2229 629 2275 ἱχολόγιον
644 2233 712 2266 sive
728 2232 855 2266 Rituale
867 2232 968 2266 Grae-

452 2295 497 2329 47.
542 2286 566 2320 1.
597 2286 752 2327 Morinus,
788 2287 969 2321 Commen-

452 2342 524 2374 ucris
536 2340 697 2373 ecclesiae
714 2341 970 2375 ordinationibus

457 2394 641 2433 Renaudot.
665 2394 882 2439 Liturgiarum
905 2396 969 2428 ori-

453 2448 590 2482 onectio
622 2448 713 2491 1716.
757 2449 782 2483 1.
805 2449 845 2482 A.
868 2450 970 2482 Asse-

452 2512 485 2536 ει
502 2502 671 2546 liturgicus
683 2502 763 2536 eccl.
775 2503 863 2536 univ.
878 2512 969 2546 1749.

452 2556 535 2590 odex
568 2556 736 2600 liturgicus
770 2557 849 2591 eccl.
882 2557 970 2589 univ.

478 2610 512 2644 F.
531 2610 568 2644 E.
586 2610 787 2654 Brightman,
811 2611 972 2654 Liturgies

452 2665 461 2696 l
475 2664 633 2698 westeml
648 2663 740 2707 1896.
769 2664 807 2698 C.
819 2665 855 2698 E.
869 2665 969 2697 Ham-

452 2730 462 2750 ε
483 2720 608 2752 ancient
632 2718 767 2762 Liturgy
789 2719 828 2763 os
838 2718 972 2752 Antiocb

453 2773 682 2806 ramentarium
694 2772 891 2816 Serapionis,
903 2772 972 2805 edi-

454 2827 502 2859 ius
518 2827 629 2870 operis
645 2826 811 2859 volumine
826 2826 971 2860 secundo

452 2890 494 2923 ις.
541 2880 576 2914 F.
596 2880 726 2920 Probst,
747 2880 893 2925 Liturgie
915 2881 972 2912 der

1035 2179 1106 2211 drei
1148 2183 1245 2211 ersten
1289 2179 1482 2212 christlichen
1520 2179 1747 2221 Jahrhunderte
1770 2174 1773 2178 ’

1039 2233 1138 2275 187ος
1192 2233 1338 2276 Liturgie
1385 2233 1438 2265 des
1484 2234 1606 2266 vierten
1652 2233 1746 2275 Jahr-

1035 2287 1182 2320 bunderts
1208 2287 1298 2329 1893.
1335 2287 1369 2320 L.
1386 2286 1572 2326 Duchesne‚
1599 2286 1747 2329 Origines

1035 2341 1077 2373 du
1106 2342 1187 2373 culte
1213 2341 1346 2373 chrmen
1380 2341 1476 2383 1889;
1512 2341 1562 2373 ed.
1585 2339 1627 2373 111
1654 2350 1745 2384 1903.

1036 2395 1071 2428 E.
1101 2405 1167 2428 von
1195 2394 1253 2427 der
1276 2394 1382 2435 Gohz,
1413 2394 1481 2427 Das
1507 2394 1602 2427 Gebet
1629 2396 1662 2425 in
1690 2395 1747 2426 der

1036 2449 1161 2482 a'ltesten
1188 2448 1392 2481 Christenheit
1418 2457 1510 2491 1901.

1079 2503 1134 2536 IV.
1159 2503 1246 2543 Περὶ
1266 2505 1499 2544 χειροτονιῶν
1520 2502 1575 2544 (ἥ-
1602 2499 1747 2536 &maxd-

1036 2568 1115 2590 πων
1146 2555 1289 2590 πάντων
1320 2559 1394 2590 τῶν
1427 2552 1640 2589 ἀποστόλων
1673 2558 1747 2589 δια-

1036 2608 1155 2651 τάξεις
1178 2620 1197 2643 e
1219 2610 1260 2643 ad
1282 2622 1311 2643 v.
1329 2610 1375 2652 2).
1416 2609 1466 2643 De
1489 2610 1746 2643 ordinationibus

1036 2665 1283 2708 (episcoporum
1328 2664 1552 2708 apostolorum
1599 2664 1746 2696 omniurn

1037 2719 1312 2760 constitutiones).
1339 2737 1375 2742 —
1406 2717 1520 2752 Codex
1544 2730 1564 2750 v
1587 2719 1746 2761 inscripti-

1037 2783 1137 2806 onem
1160 2771 1292 2811 omittit,
1316 2773 1373 2805 sed
1397 2772 1437 2805 ad
1452 2782 1580 2805 versum
1599 2781 1617 2804 2
1633 2777 1747 2805 notam

1037 2826 1078 2860 de
1101 2828 1165 2859 vita
1185 2823 1272 2859 Petri
1294 2825 1406 2869 affigit,
1430 2832 1462 2859 et
1485 2826 1633 2859 similiter
1654 2826 1747 2859 infra.

1085 2890 1109 2913 1.
1134 2880 1186 2914 Cf.
1210 2880 1262 2921 vl,
1291 2889 1339 2920 14,
1366 2889 1392 2912 1.
