2457 3436
878 392 1146 423 Amsmtonmt
1172 393 1239 429 vu,
1268 394 1321 431 ει,
1345 394 1439 425 1—6.
1823 384 1901 421 421

510 486 672 529 xxxl.
697 487 838 541 Eligite
857 496 987 530 autem
1009 489 1217 542 episcopos
1237 488 1379 543 dignos
1395 488 1574 530 Domino
1596 496 1634 530 et
1654 488 1922 543 presbyteros,

453 551 683 604 diaconos,
711 553 819 595 viros
836 553 1060 607 prudentes,
1090 554 1226 604 iustos,
1256 554 1383 604 mites,
1404 567 1486 595 non
1508 561 1682 595 amantes
1702 554 1903 609 pecuniae,

452 624 586 659 nantes
614 618 802 669 veritatis,
829 617 1029 672 probatos,
1063 625 1232 669 sanctos,
1261 633 1343 660 non
1373 626 1597 672 acceptores
1633 632 1903 673 personarum,

452 682 649 724 nivale-nt
677 682 822 724 docere
841 697 1068 725 sermonem
1098 684 1262 738 pietatis,
1292 685 1357 738 qui
1386 691 1491 725 recte
1511 691 1644 725 secent
1673 697 1715 725 ac
1735 691 1901 725 tractent

452 754 597 801 ngmata
623 747 804 789 Domini.
862 760 899 790 2.
929 748 1015 790 Vos
1044 762 1140 790 vero
1175 749 1248 790 hos
1283 748 1477 790 honorate
1512 756 1554 790 ut
1582 757 1723 802 patres,
1760 756 1802 790 ut
1831 748 1900 790 do-

453 810 554 863 inos,
575 819 618 853 ut
636 811 849 864 beneficos,
872 820 915 855 ut
934 821 1113 855 auctores
1132 813 1239 868 quod
1259 813 1360 855 bene
1381 814 1484 855 estis.
1534 827 1570 867 3.
1601 814 1763 867 Arguite
1784 814 1900 855 etiarn

452 887 486 918 :s
509 884 667 926 mutuo,
695 892 779 919 non
806 878 848 919 in
876 879 942 929 ira,
976 878 1046 920 sed
1075 880 1113 919 in
1142 879 1441 934 aequanimitate
1470 893 1559 920 cum
1590 878 1829 932 benignitate
1859 892 1903 919 ac

452 952 517 984 loe.
571 956 611 995 4.
643 941 794 984 Omnia
820 942 933 984 vobis
960 957 983 984 a
1010 944 1190 985 Domino
1219 951 1425 998 praecepta
1454 951 1615 985 servate.
1672 956 1706 995 5.
1743 943 1904 997 Vigilate

452 1017 486 1049 ω
510 1007 587 1049 vita
614 1015 757 1049 vestra.
816 1007 899 1049 Sint
927 1008 1048 1049 lumbi
1071 1010 1188 1049 vestri
1206 1010 1414 1063 praecincti
1440 1016 1473 1049 et
1509 1008 1683 1049 lucernae
1718 1008 1901 1058 ardenm,

453 1077 526 1113 'vos
540 1071 686 1113 similes
703 1072 911 1114 hominibus
930 1073 1221 1128 exspectantibus
1239 1074 1428 1115 dominum
1448 1087 1570 1120 suum,
1601 1073 1748 1129 quando
1765 1074 1899 1123 veniet,

452 1143 554 1191 :pete
580 1144 652 1178 aut
679 1150 789 1178 mane
816 1145 884 1179 aut
908 1138 1010 1193 galli
1036 1146 1148 1180 cantu
1177 1146 1244 1180 aut
1271 1138 1392 1180 media
1422 1146 1523 1179 nocte
1528 1152 1545 1187 ;
1582 1152 1656 1193 qua
1684 1139 1780 1179 enim
1809 1138 1902 1179 hora

452 1212 484 1242 Ιι
514 1209 741 1256 exspectant,
775 1204 897 1244 veniet
924 1203 1106 1253 dominus,
1143 1212 1176 1244 et
1203 1205 1237 1244 si
1263 1204 1298 1244 ei
1324 1204 1548 1258 aperuerint,
1578 1203 1677 1244 beati
1702 1204 1803 1244 servi
1829 1202 1901 1250 illi,

452 1265 497 1307 tia
529 1267 678 1307 inventi
705 1275 792 1308 sunt
818 1268 1021 1322 vigilantes
1025 1283 1043 1318 ;
1074 1269 1248 1323 quoniam
1276 1270 1494 1323 praecinget
1530 1282 1568 1309 se
1602 1276 1636 1309 et
1661 1268 1785 1322 faciet
1817 1267 1902 1308 illos

452 1329 641 1372 §cumbere
665 1339 701 1372 et
726 1334 912 1374 transiens
930 1333 1158 1374 ministrabit
1186 1333 1276 1374 illis.
1326 1335 1362 1374 6.
1389 1333 1550 1387 Vigilate
1577 1334 1695 1387 igitur
1724 1341 1756 1373 et
1785 1341 1901 1382 orate,

452 1407 458 1431 τ
480 1395 679 1437 dormiatis
706 1398 745 1437 in
765 1405 919 1438 mortem
925 1412 944 1447 ;
969 1412 1051 1439 non
1072 1398 1179 1440 enim
1207 1397 1392 1439 iuvabunt
1410 1411 1482 1438 vos
1511 1398 1639 1452 priora
1664 1404 1767 1438 recte
1788 1396 1898 1447 sacta,

470 1460 511 1501 in
540 1462 725 1503 extremis
753 1462 893 1503 vestris
921 1477 943 1504 a
971 1462 1048 1504 fide
1076 1477 1167 1504 vera
1195 1463 1472 1504 aberraveritis.

518 1592 542 1623 2
564 1588 730 1634 εὐλαβεῖς
752 1591 772 1624 d
797 1601 816 1624 e
839 1592 862 1624 h
884 1602 919 1624 m
942 1603 963 1624 v
985 1603 993 1625 :
1018 1590 1183 1635 εὐσεβεῖς
1206 1602 1224 1626 a
1249 1593 1254 1633 1
1285 1596 1304 1627 5
1328 1589 1542 1635 διδάγμασιν
1563 1592 1584 1625 d
1619 1595 1625 1633 Ι
1654 1595 1673 1626 9
1697 1594 1761 1626 τοῦ
1783 1596 1827 1630 >
1851 1601 1869 1624 e
1896 1592 1900 1634 ξ

452 1645 515 1676 ιόν
535 1648 581 1683 >
604 1654 637 1677 m
659 1656 679 1677 v
707 1647 713 1687 Ι
747 1648 789 1680 10
811 1642 931 1689 λύχνοι
957 1649 994 1687 -1-
1020 1641 1122 1688 ὖμῶν
1142 1647 1165 1679 h
1192 1649 1198 1689 Ι
1229 1647 1327 1687 15s16
1354 1648 1417 1680 καὶ
1444 1644 1637 1689 παρελθὼν
1660 1648 1688 1679 ὁ.
1713 1642 1835 1684 αὐτοῖς
1857 1649 1901 1683 >

474 1708 494 1729 v
512 1702 519 1736 1
540 1700 579 1732 16
601 1694 729 1738 αὕτοῦς
752 1709 770 1732 e
790 1700 797 1741 Ι
815 1698 1014 1742 προσέχετε
1036 1710 1071 1732 m

468 1878 578 1914 xxxl.
613 1879 717 1921 Οῗους
744 1877 913 1925 (ὁποίους
943 1893 961 1916 e
990 1883 1027 1925 v)
1058 1879 1148 1917 εἶναι
1174 1881 1242 1926 χρὴ
1272 1881 1357 1922 τοὺς
1381 1883 1731 1925 χειροτονουμέιόυς.
1777 1882 1903 1921 Quales

452 1942 499 1966 me
515 1941 636 1978 oportet
657 1946 729 1976 eos,
754 1935 810 1980 qui
834 1935 1031 1970 ordinantur.

474 1987 563 2023 ια’.
583 1989 620 2031 11,
643 1998 696 2031 20,
723 1999 758 2031 ις
784 1989 857 2029 vn,
878 2000 909 2034 9,
936 2000 963 2023 1.

1927 1078 1969 1109 10

1926 1401 1965 1433 16
