2457 3436
957 378 1186 407 namneum
1213 378 1483 409 amsi-asum.
1917 370 1967 408 71

473 472 724 527 ἐσταυρώθη
755 473 964 527 Φαμενὼθ
993 474 1067 516 κθ’
1098 471 1224 529 ἡμέρᾳ
1251 473 1286 525 ς’
1322 472 1411 530 ω’ρᾳ
1438 473 1473 525 ς’
1506 478 1580 529 τῆς
1612 472 1763 530 ἡμέρας
1795 477 1863 516 καὶ
1898 479 1969 529 τῆς

475 537 645 593 σελήνης
673 538 739 580 ιδ’.
795 537 847 580 ἀι
849 539 943 593 έστη
972 540 1016 580 δὲ
1042 539 1087 581 ἐν
1116 541 1318 593 τριημέρῳ
1349 543 1567 592 Φαρμουθὶ
1594 537 1721 595 ἡμέρᾳ
1747 540 1789 582 α’
1818 537 1906 595 ὥρᾳ
1932 557 1956 591 ς

473 608 549 655 τῆς
590 603 757 651 νυκτός·
796 605 865 645 καὶ
905 602 1030 658 ωφθη
1066 607 1190 645 πᾶσιν
1228 602 1324 658 ἡμῖν
1362 613 1449 653 τοῖς
1485 609 1690 659 μαθηταῖς
1733 604 1864 647 αυτοῦ
1900 607 1967 647 καὶ
1982 627 1998 642 ι

474 668 734 721 ἐφανέρωσεν
767 668 844 722 τὴν
878 668 1003 720 δόξαν
1036 667 1168 710 αυτοῦ
1201 666 1249 710 δι’
1280 666 1443 723 ημερῶν
1468 668 1509 723 μ’
1537 669 1743 711 διδάσκων
1770 667 1870 724 ἡμᾶς
1899 686 1968 724 κη-

476 732 641 784 ρύσσειν
673 734 740 775 ἐπὶ
767 739 830 787 τῴ·
859 729 1029 787 ὀνόματι
1063 733 1193 776 αὐτοῦ
1220 734 1441 786 μετάνοιαν
1474 736 1543 776 καὶ
1571 732 1714 787 ἄφεσιν
1741 731 1964 788 ἁμαρτιῶν.

476 796 693 853 ἀνελήφθη
721 799 765 840 δὲ
793 798 945 852 Παχών
974 799 1002 840 ι’
1029 797 1118 854 ὥρᾳ
1148 799 1190 840 θ’
1218 805 1292 853 τῆς
1319 797 1478 853 ἡμέρας.

586 863 678 896 Hanc
702 862 893 907 particulam
915 863 982 908 legi
1005 865 1038 896 in
1061 863 1227 897 codicibus
1243 863 1403 897 Vaticano
1418 873 1479 907 423
1505 864 1527 898 f.
1543 871 1747 907 404'-405¹
1766 869 1799 897 et
1821 864 1969 898 Parisino

479 917 558 960 1085
586 916 608 951 f.
633 926 706 959 240,
736 917 790 961 qui
818 927 893 951 eam
916 918 1079 951 Anastasii
1102 917 1372 957 Quaestionibus,
1407 923 1439 951 et
1468 918 1521 951 hic
1550 918 1748 958 immediate,
1779 918 1968 963 adiungunt.

476 970 664 1005 Cotelerius
688 981 761 1005 eam
785 972 818 1005 in
834 972 981 1005 Patribus
1004 977 1109 1015 apost.
1127 972 1177 1005 ed.
1193 971 1341 1006 Clericus
1362 972 1484 1015 17241,
1503 981 1563 1016 197
1587 982 1605 1005 e
1627 972 1742 1005 codice
1758 972 1865 1016 Regio
1887 973 1969 1016 1789

475 1025 588 1067 edidit,
611 1025 700 1059 Pitra
722 1026 756 1058 in
779 1025 860 1059 Iuris
884 1025 1000 1060 eccles.
1026 1025 1143 1059 Graec.
1167 1026 1242 1060 hist.
1266 1030 1299 1059 et
1320 1026 1545 1060 monumentis
1572 1026 1651 1067 1864
1677 1026 1701 1068 1,
1728 1035 1784 1069 301
1812 1037 1830 1060 e
1855 1027 1969 1060 codice

475 1079 650 1113 Vaticano.
695 1080 736 1114 A.
760 1080 882 1125 Iacoby
905 1080 938 1113 in
960 1079 1057 1114 libro:
1088 1081 1151 1113 Εἰη
1179 1081 1278 1113 ln'sher
1300 1081 1513 1113 unbeachteter
1534 1081 1726 1125 apokrypher
1748 1081 1873 1114 Bericht
1895 1081 1970 1114 tiber

472 1134 529 1167 die
548 1134 651 1178 Tause
664 1134 735 1177 Iesu
754 1143 847 1178 1902,
870 1139 998 1178 septem
1023 1135 1165 1174 codices,
1187 1145 1234 1168 sc.
1249 1134 1412 1168 Parisinos
1430 1135 1504 1177 854,
1519 1144 1594 1179 932,
1614 1135 1706 1177 1085,
1730 1134 1968 1179 Hierosolymi-

474 1193 590 1222 tanum
613 1188 647 1222 S.
664 1188 739 1233 Sep.
766 1196 815 1231 34,
840 1188 1053 1221 Bodleianum
1073 1188 1146 1229 206,
1169 1188 1420 1222 Laurentianum
1443 1189 1522 1233 plut.
1540 1188 1591 1231 56,
1610 1198 1660 1232 13,
1683 1189 1879 1222 Vaticanum
1894 1198 1969 1232 423,

474 1242 518 1276 ad
540 1252 615 1276 eam
637 1242 873 1275 recensendam
889 1241 1033 1275 adhibuit
1048 1243 1095 1285 (p.
1118 1244 1269 1285 13—15),
1293 1253 1430 1287 eamque
1448 1242 1556 1287 aliquo
1574 1242 1676 1276 modo
1692 1243 1733 1276 ad
1748 1242 1969 1277 Didascaiiam

474 1295 706 1340 apostolorum
723 1296 886 1340 pertinere
904 1296 1128 1329 demonstrare
1144 1302 1281 1330 conatus
1298 1302 1348 1329 est
1362 1297 1411 1340 (p.
1432 1306 1532 1340 32—3
1540 1297 1585 1340 5).
1622 1297 1704 1330 Mihi
1727 1308 1800 1331 eam
1823 1297 1969 1331 librarius

473 1350 518 1383 ad
539 1350 804 1384 Constitutiones
827 1356 932 1394 apost.
955 1350 996 1392 V,
1015 1354 1142 1394 13-19
1165 1350 1218 1383 vel
1233 1350 1319 1391 VIII,
1340 1360 1390 1393 33,
1413 1352 1467 1385 ubi
1489 1350 1573 1385 festa
1588 1351 1725 1385 Domini
1747 1357 1968 1392 recensentur,

473 1404 641 1438 addidisse
663 1404 799 1438 videtur.
845 1404 896 1438 Cf.
927 1404 1142 1448 Theologe'sche
1165 1405 1414 1449 Quartalschrifl
1440 1414 1531 1449 1903.
1577 1405 1622 1439 Ut
1645 1406 1780 1438 nomina
1805 1407 1968 1439 mensium

474 1459 630 1500 indicant,
654 1458 811 1503 particula
832 1458 866 1492 in
881 1458 1038 1503 Aegypto
1062 1459 1247 1503 composita
1268 1466 1328 1493 est.
1366 1459 1522 1493 Similiter
1543 1460 1746 1492 narrationes
1769 1461 1868 1493 etiam
1891 1459 1970 1493 alias

471 1513 641 1557 leguntur,
663 1522 714 1546 ex.
738 1523 787 1557 gr.
810 1513 844 1546 in
867 1513 1036 1547 Chronico
1059 1513 1204 1557 paschali
1228 1525 1259 1558 p.
1280 1513 1342 1556 546
1365 1513 1415 1546 ed.
1438 1514 1551 1557 Migne
1574 1513 1650 1557 (PG
1664 1514 1722 1557 92)
1745 1513 1852 1547 verbis
1875 1524 1969 1557 prae-

473 1568 643 1601 euntibus:
675 1568 764 1611 Περὶ
794 1570 857 1610 τῆς
886 1563 1090 1610 γεννήσεως
1116 1570 1183 1603 τοῦ
1206 1569 1333 1611 κυρίου
1356 1563 1458 1611 ἡμῶν
1480 1565 1592 1611 Ἰησοῦ
1615 1569 1775 1610 Χριστοῦ
1798 1570 1863 1602 τοῦ
1886 1564 1970 1611 nih}-

475 1625 584 1657 θινοῦ
609 1624 702 1656 θεοῦ
726 1617 828 1664 ἡμῶν
849 1622 912 1655 καὶ
933 1624 999 1656 τοῦ
1021 1623 1200 1665 παναγὶου
1223 1618 1333 1657 αὐτοῦ
1355 1623 1604 1665 βαπτίσματος
1626 1623 1688 1655 καὶ
1711 1624 1775 1657 τοῦ
1790 1623 1971 1665 σωτηρίου

474 1673 589 1711 αὐτοῦ
612 1673 732 1719 πάσχα
756 1672 933 1719 σύντομος
955 1672 1127 1719 διήγησις.
1171 1677 1304 1709 Menses
1333 1676 1386 1709 vel
1414 1676 1482 1709 dies
1514 1676 1669 1720 particula
1691 1675 1798 1709 traditi
1821 1676 1856 1708 hi
1878 1682 1969 1709 sunt:

476 1730 613 1764 Choeac
629 1729 741 1763 XXIX
759 1743 795 1758 =
813 1730 1001 1763 December
1016 1730 1122 1771 XXV,
1145 1730 1232 1775 Tybi
1247 1730 1294 1763 XI
1310 1746 1352 1758 ==
1365 1730 1530 1764 Ianuarius
1547 1730 1602 1771 VI,
1627 1730 1834 1763 Phamenoth
1858 1729 1971 1763 XXIX

475 1800 518 1813 ·=
540 1784 679 1818 Martius
711 1784 817 1825 XXV,
851 1784 1041 1818 Pharmuthi
1065 1784 1078 1818 1
1108 1800 1149 1812 ==
1178 1785 1314 1818 Martius
1337 1784 1474 1824 XXVII,
1509 1784 1643 1818 Pachon
1670 1784 1701 1817 X
1730 1800 1772 1812 =
1801 1784 1906 1818 Maius
1930 1784 1970 1817 V.

474 1839 623 1872 Textum
645 1838 761 1883 repetii
785 1838 1004 1880 Iacobianum‚
1034 1839 1096 1872 nisi
1120 1839 1208 1883 quod
1231 1839 1263 1872 in
1285 1838 1351 1872 fine
1373 1838 1549 1883 particulae
1571 1849 1631 1883 pro
1654 1836 1784 1881 Παχών
1807 1834 1852 1880 y',
1883 1838 1971 1882 quod

474 1902 595 1926 omnes
618 1891 751 1926 codices
772 1892 894 1925 habere
916 1893 1075 1934 videntur,
1099 1889 1290 1927 conteirtum
1313 1893 1491 1936 respiciens
1514 1892 1688 1926 emendavi
1711 1893 1753 1926 Π.
1776 1888 1811 1933 ι’,
1836 1891 1970 1925 codices

473 1958 495 1981 a
515 1957 573 1981 me
595 1947 764 1990 inspectos
787 1956 929 1990 sequens
944 1957 1100 1981 numeros
1117 1956 1250 1991 semper
1264 1946 1378 1981 litteris
1394 1947 1550 1990 expressi,
1572 1957 1640 1980 non
1656 1945 1828 1990 aliquoties
1851 1946 1969 1986 verbis,

474 2000 634 2035 nonnulla
657 2000 756 2034 verba
779 2000 905 2034 uncinis
928 2001 967 2044 []
991 2001 1117 2042 inclusi,
1141 2002 1262 2045 quippe
1285 2011 1368 2045 quae
1391 2002 1424 2034 in
1448 2000 1780 2045 pluribus—codicibus
1804 2000 1909 2034 desint
1932 2011 1971 2034 ac

476 2055 617 2089 fortasse
640 2065 660 2088 a
682 2054 813 2088 librario
835 2055 943 2089 addita
965 2055 1040 2089 sint.
