2457 3436
964 386 1166 416 Eccnusmu
1193 386 1461 416 murm-uem.
1877 379 1953 418 101

465 481 583 522 etiam
611 480 694 522 aliis
713 480 839 523 verbis
859 482 1000 535 gratias
1019 489 1120 536 agat,
1149 482 1300 524 dicens:
1332 495 1395 536 23.
1424 481 1704 533 „Sanctificans
1724 483 1856 525 oleum
1878 485 1956 526 hoc

464 545 591 588 tribue
621 546 869 601 (sanitatem)
904 546 989 598 illis,
1025 548 1091 601 qui
1127 555 1327 601 unguntur
1362 556 1401 590 et
1433 546 1626 602 accipiunt
1634 564 1646 599 ;
1680 549 1779 590 sicut
1813 550 1955 591 unxisti

465 610 690 653 sacerdotes
704 619 742 653 et
757 611 980 665 prophetas,
993 611 1169 654 similiter
1184 612 1396 655 corrobora
1413 621 1451 655 et
1465 613 1551 654 illos
1567 621 1606 655 et
1621 628 1954 669 unumquemque,

466 676 531 730 qui
559 683 702 729 gustat,
737 684 776 718 et
804 676 1000 719 sanctifica
1037 676 1138 728 illos,
1173 679 1239 732 qui
1268 679 1460 732 accipiunt
1494 678 1625 721 illud“.
1684 690 1747 732 24.
1783 679 1955 733 Populus

467 739 578 782 dicit:
609 740 748 792 „Sicut
776 748 869 792 erat,
898 749 958 783 est
987 749 1026 784 et
1056 743 1127 784 erit
1155 742 1193 784 in
1223 743 1499 796 generationes
1518 743 1819 796 generationum
1849 750 1887 784 et
1915 745 1954 784 iu

466 805 617 847 saecula
644 805 903 857 saeculorum,
932 810 1087 848 amen“.

575 882 639 923 25.
674 871 889 926 Episcopus
919 871 1032 926 (ait):
1062 871 1234 922 „Iterum
1264 872 1526 927 supplicamus
1556 873 1645 914 Deo
1675 873 1953 926 omnipotenti,

467 936 564 989 patri
592 936 757 978 Domini
786 944 824 978 et
853 936 1052 978 salvatoris
1081 937 1206 978 nostri
1233 937 1319 978 Iesu
1350 937 1509 987 Christi,
1545 944 1588 978 ut
1623 936 1813 979 concedat
1842 937 1955 978 nobis

466 1001 505 1041 in
535 999 812 1042 benedictione
840 1002 1015 1055 accipere
1044 1002 1120 1042 hoc
1149 1008 1324 1044 sanctum
1351 1009 1652 1051 sacramentum,
1682 1009 1724 1043 ut
1752 1003 1954 1044 neminem

468 1080 514 1107 ex
548 1065 664 1107 nobis
696 1080 809 1107 reum
843 1065 967 1117 faciat,
1006 1074 1048 1108 ut
1081 1080 1223 1109 omnes
1258 1067 1401 1121 dignos
1439 1067 1586 1116 reddat,
1623 1068 1688 1122 qui
1724 1075 1884 1109 sumunt
1918 1075 1956 1109 et

467 1131 660 1185 accipiunt
679 1138 856 1173 sanctum
876 1139 1163 1173 sacramentum
1184 1133 1360 1186 corporis
1381 1139 1420 1174 et
1434 1132 1632 1186 sanguinis
1649 1131 1808 1182 Christi,
1828 1133 1956 1174 omni-

467 1196 639 1250 potentis
662 1196 827 1238 Domini
858 1197 933 1238 Dei
961 1197 1124 1238 nostri“.
1182 1199 1247 1238 26.
1277 1197 1477 1239 Diaconus
1506 1197 1617 1239 dicit:
1648 1196 1819 1248 ,‚Orate;
1847 1197 1956 1239 Deus

466 1262 740 1315 omnipotens;
782 1261 875 1303 dum
913 1262 1124 1316 accipimus
1165 1262 1240 1303 hoc
1281 1270 1458 1304 sanctum
1496 1270 1796 1313 sacramentum,
1838 1262 1957 1304 robur

466 1325 581 1367 nobis
609 1325 734 1367 tribue
763 1341 891 1381 neque
919 1341 1156 1382 quemquam
1187 1341 1235 1369 ex
1265 1326 1378 1368 nobis
1407 1341 1517 1369 reum
1547 1341 1632 1381 age,
1668 1327 1737 1369 sed
1773 1327 1955 1369 omnibus

466 1390 631 1432 benedic
661 1392 700 1432 in
731 1391 903 1441 Christo,
937 1392 978 1432 in
1013 1406 1094 1447 quo
1127 1391 1196 1433 tibi
1225 1406 1314 1433 cum
1352 1391 1418 1433 illo
1452 1399 1490 1433 et
1525 1406 1614 1433 cum
1650 1393 1784 1446 spiritu
1819 1399 1956 1433 sancto

466 1455 559 1511 (sit)
589 1455 671 1497 laus
700 1463 739 1497 et
766 1457 941 1511 potentia
971 1456 1119 1511 (nunc)
1149 1464 1188 1498 et
1216 1470 1372 1511 semper
1402 1464 1439 1498 et
1466 1458 1505 1497 in
1525 1456 1677 1498 saecula
1697 1456 1955 1506 saeculorum,

464 1524 622 1563 amen“.
662 1533 726 1574 27.
749 1521 948 1563 Diaconus
969 1520 1077 1563 dicit:
1098 1522 1225 1572 ‚,V0s,
1240 1522 1306 1576 qui
1326 1523 1445 1572 statis,
1462 1521 1654 1563 demittite
1675 1522 1797 1575 capita
1815 1529 1954 1563 vestra.

464 1586 630 1627 Domine
657 1594 817 1636 aeterne,
848 1599 993 1640 gnarus
1027 1586 1266 1636 occultorum,
1302 1585 1593 1628 declinaverunt
1626 1585 1692 1627 tibi
1728 1586 1848 1640 capita
1888 1600 1955 1627 sua

466 1650 635 1706 populus
662 1658 752 1692 tuus
782 1658 821 1692 et
838 1650 907 1693 tibi
928 1650 1174 1698 subiecerunt
1195 1651 1375 1693 duritiem
1399 1651 1527 1692 cordis
1547 1658 1586 1693 et
1605 1652 1741 1693 carnis.
1790 1652 1955 1705 Respice

466 1716 516 1758 de
550 1724 678 1770 parata
713 1715 948 1757 habitatione
982 1723 1047 1757 tua
1089 1723 1128 1758 et
1161 1715 1325 1758 benedic
1359 1716 1447 1757 illos
1482 1723 1520 1758 et
1556 1715 1647 1757 illas.
1704 1715 1849 1757 Inclina
1883 1715 1955 1757 illis

466 1795 600 1823 aurem
636 1789 743 1823 tuam
780 1788 818 1823 et
853 1780 989 1822 exaudi
1023 1795 1159 1835 preces
1195 1795 1345 1822 eorum.
1403 1781 1630 1823 Corrobora
1665 1780 1779 1835 (eos)
1814 1781 1956 1822 virtute

467 1846 649 1888 dexterae
677 1853 766 1887 tuae
796 1853 835 1887 et
855 1852 1018 1900 protege
1038 1859 1059 1886 a
1078 1846 1260 1899 passione
1282 1846 1392 1888 mala.
1441 1846 1587 1887 Custos
1613 1859 1752 1887 eorum
1771 1853 1856 1887 esto
1875 1853 1956 1887 tam

467 1912 646 1965 corporis
674 1924 791 1965 quam
820 1910 985 1952 animae.
1032 1912 1148 1964 Auge
1178 1917 1216 1951 et
1244 1910 1316 1951 illis
1345 1916 1383 1951 et
1413 1910 1526 1951 nobis
1554 1909 1673 1951 fidem
1705 1918 1742 1952 et
1771 1911 1956 1952 timorem

466 1990 536 2031 per
565 1976 725 2017 unicum
755 1973 877 2016 filium
898 1982 1022 2025 tuum,
1050 1975 1090 2015 in
1112 1988 1191 2029 quo
1211 1975 1278 2016 tibi
1299 1988 1389 2015 cum
1410 1974 1477 2015 illo
1498 1982 1537 2016 et
1555 1989 1646 2016 cum
1666 1975 1800 2029 spiritu
1820 1983 1956 2017 sancto

468 2039 560 2096 (sit)
577 2040 658 2082 laus
678 2047 718 2081 et
737 2041 912 2094 potentia
932 2040 971 2080 in
992 2047 1223 2094 perpetuum
1243 2047 1283 2081 et
1302 2039 1339 2080 in
1356 2039 1507 2081 saecula
1522 2039 1780 2090 saeculorum,
1800 2044 1956 2081 amen“.

466 2106 532 2147 28.
548 2105 750 2146 Diaconus
765 2106 834 2146 ait:
851 2104 1172 2159 ,‚Respiciamus“
1189 2111 1262 2146 etc.
1292 2104 1339 2145 Et
1354 2105 1578 2158 episcopus:
1594 2104 1761 2156 „Sancta
1775 2105 1956 2146 sanctis“.

578 2196 620 2226 18
642 2192 728 2225 Dan.
753 2196 783 2233 1,
806 2200 858 2231 42.

576 2272 598 2302 2
621 2268 794 2301 sanitatem
812 2267 838 2301 L
856 2268 862 2310 Ι
883 2268 1001 2301 unxisti
1020 2279 1027 2300 z
1045 2271 1078 2307 4-
1096 2278 1192 2311 reges
1209 2266 1235 2299 L
1254 2268 1259 2308 Ι
1279 2271 1300 2301 4
1322 2267 1422 2300 illud:
1444 2270 1480 2308 ἦ·
1498 2267 1663 2306 Similiter,
1686 2268 1714 2299 si
1732 2267 1802 2310 quis
1826 2277 1958 2300 caseum

466 2329 500 2356 et
524 2322 628 2356 olivas
657 2321 765 2361 offert,
796 2322 840 2355 ita
863 2322 964 2355 dicat:
995 2321 1188 2362 „Sanctifica
1216 2321 1265 2354 lac
1293 2320 1369 2362 hoc,
1399 2321 1485 2365 quod
1514 2321 1722 2364 coagulatum
1751 2327 1810 2360 est,
1838 2326 1871 2354 et
1893 2331 1955 2354 nos

466 2375 647 2420 coagulatis
669 2383 745 2409 tuae
766 2375 900 2409 caritati.
939 2375 1003 2408 Fac
1025 2386 1045 2408 a
1067 2382 1122 2408 tua
1138 2374 1308 2408 dulcedine
1331 2385 1398 2408 non
1414 2375 1567 2408 recedere
1585 2374 1724 2407 fructum
1749 2374 1848 2407 etiam
1872 2375 1957 2408 hunc

466 2431 586 2471 olivae,
611 2431 664 2474 qui
688 2435 738 2463 est
761 2429 947 2474 exemplum
971 2435 1047 2462 tuae
1070 2429 1287 2472 pinguedinis,
1311 2439 1408 2472 quam
1431 2428 1472 2461 de
1488 2429 1578 2472 ligno
1602 2427 1699 2460 fluisti
1722 2428 1754 2460 in
1778 2429 1876 2461 vitam
1900 2429 1958 2468 eis,

466 2486 522 2529 qui
545 2490 676 2529 sperant
699 2484 732 2517 in
755 2486 820 2518 te.“
865 2484 903 2517 In
925 2484 1016 2517 omni
1040 2494 1120 2516 vero
1143 2483 1370 2516 benedictione
1394 2482 1532 2515 dicatur:
1562 2481 1660 2523 „Tibi
1683 2481 1797 2525 gloria,
1821 2482 1902 2525 patri
1926 2488 1958 2515 et

466 2538 535 2572 filio
559 2549 634 2572 cum
663 2546 778 2572 sancto
806 2539 929 2581 spiritu,
961 2539 993 2570 in
1017 2542 1129 2570 sancta
1159 2536 1297 2570 ecclesia
1327 2542 1359 2569 et
1388 2546 1473 2569 nunc
1503 2542 1535 2569 et
1564 2546 1695 2580 semper
1724 2542 1755 2569 et
1785 2536 1818 2568 in
1847 2536 1958 2569 omnia

467 2593 598 2626 saecula
627 2592 843 2633 saeculorum,
878 2595 996 2625 amen“
1025 2591 1051 2624 L
1081 2595 1087 2632 1
1118 2591 1256 2635 populus
1287 2596 1348 2623 etc.
1380 2600 1482 2634 usque
1509 2590 1550 2623 ad
1572 2589 1672 2623 finem
1696 2590 1810 2633 capitis
1831 2594 1875 2629 >
1900 2589 1926 2622 L
1953 2592 1957 2631 l

466 2650 510 2681 26
533 2652 645 2680 sancta
668 2658 677 2679 :
700 2647 920 2679 sanctuarium
943 2645 1066 2679 Ludolf

513 2742 651 2777 25-29.
664 2733 753 2766 Haec
766 2733 870 2766 sectio
883 2732 1179 2766 Constitutionibus
1246 2731 1319 2765 liter
1354 2731 1497 2774 Liturgia
1536 2730 1730 2774 aethiopica,
1771 2730 1960 2763 Hammond

468 2793 573 2831 apost.
597 2787 683 2826 vul,
702 2796 737 2830 13
764 2786 952 2830 respondet,
976 2797 1077 2830 pauca
1101 2796 1180 2819 vero
1247 2797 1278 2830 p.
1302 2795 1375 2829 259.

468 2842 567 2875 verba
589 2852 664 2875 cum
688 2841 739 2875 his
763 2841 951 2875 communia
974 2841 1081 2875 habet.
1290 2840 1341 2873 28.
1367 2838 1419 2873 Cf.
1444 2838 1482 2873 C.
1506 2839 1546 2871 A.
1570 2837 1655 2878 VIII,
1684 2847 1732 2880 13,
1760 2846 1895 2879 12—13.
1918 2855 1960 2861 —

513 2905 564 2939 27.
587 2907 642 2929 vos
665 2897 720 2941 qui
743 2915 783 2920 —
807 2897 911 2939 capita
934 2895 1054 2938 vestra]
1083 2895 1179 2928 Simi—
1246 2905 1325 2927 unus
1336 2892 1443 2938 pater]
1455 2892 1611 2927 Similiter
1623 2892 1766 2936 Liturgia
1778 2891 1961 2935 aethiopica

1980 1076 2021 1107 10

1981 1398 2021 1430 16

1980 2046 2023 2078 25
