2457 3436
857 390 1170 420 consui-orionas
1197 390 1472 420 amsa-omium.
1858 382 1909 419 29

412 487 516 541 μηδὲ
540 489 745 540 συγκρίσει
763 491 817 539 τῇ
835 486 941 528 κατὰ
958 486 1057 534 τοὺς
1077 486 1226 539 λόγους
1243 487 1351 538 πρὸς
1370 485 1551 540 α’λλήλας
1570 486 1907 539 παραβάλλεσθαι

414 552 492 599 τὰς
517 555 698 602 βίβλους.

528 628 566 658 2.
601 616 825 658 Nomocan.
856 615 1061 671 praefati03
1090 615 1329 658 Bibliotheca
1349 617 1440 658 iuris
1461 617 1638 658 canonici
1659 617 1800 658 veteris
1820 616 1909 658 edd.

417 680 582 722 Voellus
612 688 650 722 et
668 680 845 722 Iustellus
872 683 966 722 1661
990 680 1037 731 11,
1059 693 1155 734 790:
1189 678 1248 723 Οὐ
1265 681 1319 735 μὴ
1340 680 1444 722 ἀλλὰ
1462 682 1532 722 καὶ
1550 680 1647 729 τούς
1668 680 1908 736 (Κανόνας)

414 747 658 800 λεγομένους
686 750 774 787 τῶν
800 743 928 799 ἁγίων
957 744 1208 787 ἀποστόλων
1238 745 1315 801 (εἰς
1334 743 1464 788 αὐτὸν
1483 746 1750 801 συνήγαγον),
1779 746 1815 788 εἰ
1840 750 1909 788 καί

414 826 525 859 τινες
553 811 620 853 διά
646 826 763 860 τινας
790 813 922 859 αἰτίας
947 808 1161 865 ἡγήσαντο.
1193 844 1202 852 .
1234 844 1242 852 .
1273 844 1281 851 .
1313 811 1336 852 l.
1366 825 1400 853 c.
1430 826 1468 866 p.
1491 824 1587 864 793:
1621 810 1669 852 Οἱ
1698 811 1909 865 λεγόμενοι

414 880 502 917 τῶν
531 873 661 929 ἁγίων
689 873 936 918 ἀποστόλων
964 875 1030 917 διὰ
1062 877 1296 930 Κλήμεντος
1326 875 1511 925 Κανόνες
1536 875 1613 918 πε’.

526 941 803 975 Nomocanonem
823 940 877 974 hic
900 940 996 982 addo,
1020 951 1094 973 cum
1119 941 1178 973 sub
1200 942 1335 974 nomine
1351 940 1460 974 Photii
1476 940 1515 974 ad
1531 951 1593 974 nos
1609 941 1794 985 pervenerit
1810 947 1908 985 atque

414 995 484 1028 eius
507 1001 617 1029 aetate
641 995 845 1039 compositus
867 993 974 1036 fuerit,
998 1005 1065 1028 non
1088 996 1254 1038 ignorans,
1278 995 1393 1028 librum
1417 1005 1503 1028 nunc
1526 996 1556 1028 ei
1579 994 1761 1028 abiudicari.

1122 1114 1196 1150 XV.

902 1178 1198 1213 OECUMENIUS
1221 1180 1256 1222 [†
1280 1190 1306 1213 c.
1331 1180 1420 1223 94o].

523 1255 755 1297 Comment.
785 1256 823 1296 in
853 1256 942 1297 Act.
971 1262 1097 1309 apost.
1128 1268 1166 1308 9,
1201 1268 1261 1306 10,
1296 1255 1433 1309 Migne
1468 1256 1536 1298 PG
1573 1257 1660 1306 118,
1695 1268 1787 1309 170:
1829 1258 1906 1297 Καὶ

412 1315 538 1369 οὗτος
567 1317 592 1361 ὃ
608 1317 789 1368 Ἀνανίας
816 1319 1009 1369 διάκονος
1036 1316 1100 1375 ἦν,
1129 1319 1189 1369 ὥς
1216 1319 1343 1369 αὐτὸς
1362 1323 1526 1369 Παῦλος
1544 1328 1741 1373 μαρτυρεῖ
1757 1321 1801 1362 ἐν
1820 1329 1908 1369 τοῖς

413 1384 617 1426 Κανόσι.
676 1384 737 1427 Cf.
768 1385 814 1427 C.
844 1385 893 1426 A.
923 1385 1026 1435 VIII,
1055 1387 1122 1439 46,
1156 1398 1216 1438 17.

1117 1514 1206 1547 XVI.

711 1578 878 1612 SIMEON
902 1578 1179 1613 THEOLOGUS
1201 1579 1361 1613 IUNIOR
1384 1581 1418 1623 [†
1444 1580 1609 1623 10415‘42}

527 1668 559 1695 1.
591 1654 734 1696 Oratio
755 1655 907 1705 XXIV,
936 1655 1073 1708 Migne
1093 1656 1162 1697 PG
1189 1667 1276 1706 120,
1296 1668 1374 1709 439
1395 1670 1467 1711 sq„
1496 1655 1602 1705 Holl,
1623 1655 1907 1697 Enthusiasmus

412 1719 492 1760 und
518 1718 753 1774 Bussgewalt
788 1719 883 1760 heim
909 1719 1161 1774 griechischen
1189 1720 1407 1761 Manchtum
1448 1721 1548 1772 1898
1583 1735 1620 1775 p.
1657 1732 1717 1772 19,
1752 1721 1791 1761 in
1825 1734 1905 1775 quo

412 1784 510 1826 libro
539 1783 656 1826 verba
684 1798 822 1838 graeca
850 1784 1071 1826 traduntur:
1110 1784 1340 1827 Sacerdotes
1370 1786 1553 1840 pietatem
1585 1784 1744 1826 docebis
1774 1818 1782 1826 .
1814 1817 1823 1826 .
1855 1818 1863 1826 .
1896 1818 1905 1826 .

411 1855 630 1891 accuratam
660 1848 965 1903 apostolicorum
996 1863 1193 1891 canonum
1219 1849 1554 1905 traditionumque
1574 1850 1776 1891 scientiam
1808 1850 1905 1904 (τὴν

411 1914 564 1967 εἴδησιν
591 1909 770 1967 ἀκριβῶς
797 1919 886 1955 τῶν
914 1913 1204 1956 ἀποστολικῶν
1234 1913 1474 1956 Κανόνων
1501 1916 1569 1956 καὶ
1590 1914 1901 1969 Παραδόσεων).

495 2011 504 2019 .
535 1978 660 2028 Quod
689 1979 720 2020 si
749 1980 866 2020 etiam
893 1986 1028 2021 contra
1062 1979 1307 2021 turbulentos
1342 1987 1381 2020 et
1415 1978 1660 2021 inordinatos
1695 1979 1904 2034 aliquando

411 2052 450 2085 te
479 2044 520 2084 in
550 2044 659 2096 virga
689 2050 727 2085 et
752 2042 889 2085 baculo
910 2058 1000 2085 cum
1020 2044 1173 2085 ratione
1192 2044 1303 2085 irasci
1319 2051 1490 2097 oportet,
1521 2050 1563 2085 ut
1582 2044 1728 2085 malum
1749 2044 1905 2099 aliquod

411 2107 621 2162 prohibeas
650 2116 688 2149 et
717 2107 939 2162 pestiferam
970 2109 1070 2150 inter
1100 2123 1169 2150 eos
1194 2108 1319 2150 labem
1340 2110 1540 2163 reprimaS,
1569 2123 1619 2151 ne
1640 2123 1739 2163 opus
1758 2110 1903 2151 malum

411 2181 448 2214 et
483 2172 645 2214 affectus
679 2173 842 2214 vitiosus
876 2173 916 2214 in
952 2172 1121 2215 deterius
1156 2181 1285 2228 serpat
1321 2173 1390 2228 (cf.
1427 2174 1473 2215 C.
1504 2177 1551 2215 Α.
1589 2174 1636 2225 11,
1665 2188 1731 2227 41,
1762 2174 1904 2229 7—8)‚

411 2252 540 2293 neque
569 2237 669 2279 istud
693 2238 918 2291 apostolicis
939 2238 1297 2280 constitutionibus
1326 2246 1365 2280 et
1384 2238 1523 2281 divinis
1543 2239 1714 2293 patribus
1734 2239 1902 2280 alienum

411 2302 601 2344 iudicatur
638 2301 754 2356 (οὐδὲ
794 2308 923 2345 τοῦτο
957 2301 1119 2358 ἀπᾷδον
1152 2304 1299 2357 ἐκρίθη
1332 2313 1419 2352 τοῖς
1453 2301 1702 2351 ἀποστόλοις
1736 2305 1781 2345 ἐν
1814 2313 1903 2352 ταῖς

408 2366 554 2409 αὐτῶν
571 2367 825 2419 Διατᾶξεσι
853 2370 922 2409 καὶ
950 2377 1036 2416 τοῖς
1065 2367 1290 2420 θεοφόροις
1313 2369 1518 2422 πατράσιν
1536 2365 1688 2422 ἡμῶν).
1721 2400 1729 2409 .
1761 2400 1769 2409 .
1802 2401 1810 2409 .
1840 2369 1902 2409 Ne

409 2434 527 2486 igitur
555 2439 784 2487 praetexens
814 2432 1152 2475 mansuetudinem
1183 2440 1343 2488 propter
1371 2432 1494 2474 solam
1515 2432 1667 2474 laudem
1691 2433 1900 2474 humanam

409 2497 613 2539 modicum
643 2497 841 2552 quidpiam
870 2506 1022 2552 praeter
1050 2499 1125 2540 Dei
1154 2497 1379 2539 mandatum
1415 2497 1627 2539 admissum
1663 2497 1711 2539 ad
1746 2497 1903 2540 subver-

411 2565 566 2603 sionem
586 2562 858 2616 apostolorum
879 2563 1088 2605 Canonum
1111 2570 1150 2605 et
1170 2563 1509 2605 Constitutionurn
1531 2562 1619 2618 (ἐπὶ
1637 2569 1903 2616 καταστροφῇ

409 2631 497 2668 τῶν
517 2626 811 2669 α’ποστολικῶν
831 2628 1041 2670 Κανόνων
1059 2630 1125 2670 καὶ
1146 2627 1398 2682 Διατάξεων)
1425 2628 1782 2683 contumeliamque
1801 2629 1901 2670 vitae

409 2691 657 2746 evangelicae
686 2699 725 2734 et
752 2699 873 2734 status
893 2694 1100 2735 monastici
1120 2694 1349 2747 neglexeris,
1379 2692 1449 2735 sed
1468 2693 1596 2734 Iesum
1616 2706 1661 2734 ac
1680 2693 1900 2734 Dominum

409 2765 521 2798 tuum
550 2757 735 2808 imitatus,
766 2756 979 2800 infremens
1008 2773 1052 2799 ac
1074 2758 1242 2813 teipsum
1263 2760 1348 2800 sine
1367 2758 1587 2800 turbatione
1607 2757 1764 2799 turbans
1793 2772 1902 2799 man-

409 2821 495 2864 data
524 2823 600 2864 Dei
631 2829 669 2864 et
693 2822 878 2864 Canones
913 2822 960 2864 ab
990 2823 1071 2865 eius
1100 2823 1286 2878 apostolis
1315 2823 1572 2877 praescriptos
1602 2822 1786 2865 ulciscere
1815 2822 1900 2877 (ἐκ-

408 2889 568 2942 δίκησιν
585 2892 715 2929 ποιοῦ
732 2892 823 2929 τῶν
840 2888 1026 2929 ἐντολῶν
1046 2894 1125 2930 τοῦ
1144 2894 1250 2930 θεοῦ
1269 2891 1336 2929 καὶ
1355 2892 1444 2930 τῶν
1461 2889 1675 2930 τεθέντων
1696 2887 1901 2930 Κανόνων
