2457 3436
787 389 1009 420 mnascALu
1039 389 1302 420 mosi-omnum
1331 390 1505 420 numeri.
1754 378 1893 419 XXXI

373 484 542 527 scilicet
572 493 690 539 caput
716 486 885 535 XXXII,
921 485 1027 540 quod
1063 485 1299 527 inscribitur:
1342 485 1464 535 Quod
1495 485 1669 527 diabolus
1699 486 1822 527 malus
1851 487 1891 527 in

379 550 562 591 ecclesia
602 550 809 593 christiana
850 552 1027 592 haereses
1066 550 1262 605 produxit,
1301 552 1400 592 sicut
1438 551 1532 591 olim
1572 552 1611 592 in
1645 550 1762 592 Israel
1802 549 1893 592 fecit

382 614 465 669 (=
497 615 552 657 C.
588 617 637 657 A.
667 615 723 657 VI
758 630 790 657 c.
827 619 865 667 6,
900 616 1014 657 8—c.
1049 615 1133 669 ιο),
1168 623 1282 670 atque
1317 624 1430 670 caput
1464 616 1655 657 XXXIII:
1692 616 1754 657 De
1788 624 1892 657 recta

387 679 657 722 confessione
685 680 901 722 secundum
930 679 1050 721 fidem
1080 680 1119 721 in
1149 687 1322 721 sanctam
1350 681 1561 721 trinitatem
1583 680 1841 735 praedicatam
1871 694 1892 721 a

387 743 525 795 nobis,
555 745 744 800 apostolis
772 745 942 786 veritatis
972 744 1043 800 (=
1076 744 1123 786 C.
1143 746 1192 786 A.
1223 744 1277 785 VI
1307 759 1340 786 c.
1366 758 1503 787 11-—c.
1536 758 1600 798 30,
1631 745 1687 799 1).
1736 745 1893 795 Quibus

392 809 588 864 capitibus
606 810 742 852 lacuna
761 824 902 864 magna
922 810 1116 864 impletur,
1145 824 1260 864 quam
1290 810 1329 850 in
1354 810 1509 864 reliquis
1528 810 1633 852 libris
1662 824 1746 852 esse
1775 824 1891 865 supra

395 876 726 916 commemoravi.
1836 902 1839 905 -

507 939 651 981 Codex
668 940 886 993 Borgianus
917 940 1031 981 etiam
1061 939 1225 993 amplius
1255 953 1329 980 nos
1359 940 1408 981 de
1436 941 1622 993 scriptura
1653 939 1790 981 erudit.
1837 939 1892 981 Ut

399 1004 633 1059 subscriptio
662 1005 697 1046 ei
726 1004 854 1046 addita
879 1004 985 1055 dicit,
1015 1004 1103 1046 Aba
1122 1005 1234 1059 Ishaq
1254 1004 1511 1046 Didascaliam
1540 1018 1645 1045 anno
1675 1011 1891 1059 martyrum

403 1082 501 1110 1011
527 1089 581 1104 ι-
599 1083 705 1111 anno
724 1070 817 1112 Chr.
844 1081 941 1122 1295
971 1084 993 1110 e
1013 1069 1182 1123 Coptico
1212 1069 1416 1111 transtulit.
1466 1069 1527 1111 Cf.
1554 1069 1782 1111 Baumstark
1806 1068 1830 1110 l.
1857 1084 1892 1110 c.

399 1148 437 1189 p.
468 1146 562 1176 202.
621 1134 764 1175 Versio
791 1133 940 1175 arabica
974 1134 1091 1188 igitur
1126 1136 1217 1176 satis
1252 1148 1389 1175 recens
1424 1142 1494 1176 est.
1552 1134 1725 1184 Quando
1759 1141 1890 1176 autern

399 1200 530 1241 versio
559 1200 724 1254 coptica,
755 1199 836 1241 eius
856 1198 958 1250 sons,
989 1206 1122 1241 exorta
1143 1200 1225 1241 est?
1273 1200 1390 1241 Certe
1412 1213 1493 1241 non
1514 1206 1604 1241 ante
1623 1199 1818 1241 saeculum
1840 1199 1892 1250 V,

401 1278 489 1306 cum
518 1265 706 1318 scriptura
735 1264 836 1306 haud
875 1263 990 1306 dubie
1025 1265 1064 1305 in
1096 1264 1452 1306 Constitutionibus
1488 1264 1757 1318 apostolorum
1793 1265 1892 1305 circa

400 1343 545 1370 annum
566 1341 648 1382 400
668 1330 898 1383 compositis
916 1330 1071 1378 nitatur,
1090 1328 1207 1370 libros
1224 1328 1371 1369 l—VII
1386 1343 1519 1370 earum
1540 1328 1720 1370 reddens.
1752 1329 1892 1370 Baum·

400 1394 502 1435 stark
522 1393 547 1435 l.
569 1408 604 1435 c.
624 1407 661 1448 p.
683 1406 761 1447 207
779 1407 838 1448 sq.
858 1393 1017 1448 quidem
1039 1393 1255 1443 contendit,
1283 1394 1512 1447 scripturam
1541 1393 1603 1435 vel
1633 1395 1715 1435 eius
1739 1401 1891 1435 textum

400 1473 584 1512 graecum
600 1472 682 1500 non
698 1472 719 1499 a
735 1458 1092 1500 Constitutionibus
1108 1458 1341 1512 dependere,
1364 1458 1433 1499 sed
1448 1473 1469 1500 e
1485 1459 1682 1499 contrario
1698 1458 1775 1499 hoc
1792 1472 1892 1512 opus

400 1523 460 1565 illa
487 1524 677 1578 scriptura
705 1538 795 1564 cum
823 1522 893 1564 alia
921 1522 1060 1564 librum
1083 1523 1174 1564 VIII
1204 1524 1544 1566 constitutionum
1575 1531 1890 1577 repraesentante

400 1588 667 1643 conglutinata
686 1589 891 1639 exstitisse,
921 1589 1037 1629 nimis
1056 1588 1154 1630 iuste
1184 1595 1313 1629 autem
1340 1603 1383 1629 ea
1404 1587 1586 1641 neglexit,
1616 1602 1713 1642 quae
1735 1587 1894 1629 Consti-

400 1654 575 1696 tutiones
602 1653 707 1708 ipsae
729 1653 778 1694 de
797 1653 950 1707 origine
969 1667 1037 1694 sua
1056 1652 1318 1694 manifestant.
1367 1652 1427 1694 Cf.
1449 1667 1546 1707 quae
1568 1652 1616 1694 de
1638 1653 1706 1693 hac
1727 1653 1894 1707 quaesti-

401 1732 478 1760 one
508 1718 701 1772 disputavi
730 1719 768 1759 in
807 1718 1064 1772 Theologische
1096 1718 1402 1771 Quartalschrift
1433 1730 1536 1770 1904
1565 1731 1603 1772 p.
1636 1730 1682 1770 23
1692 1718 1836 1770 3—48.

509 1783 551 1824 Si
582 1784 710 1824 versio
745 1782 890 1824 codicis
919 1783 1102 1836 Borgiani
1136 1782 1236 1836 apud
1266 1782 1411 1824 Arabes
1446 1783 1557 1823 unica
1596 1789 1666 1832 est,
1705 1782 1893 1835 scriptura

400 1848 505 1890 brevi
531 1846 890 1890 transformabatur.
940 1849 1134 1890 Recensio
1164 1847 1317 1900 vulgata
1346 1848 1422 1888 iam
1455 1846 1592 1888 codice
1612 1847 1787 1888 Parisino
1814 1858 1886 1899 251

400 1928 503 1955 anno
539 1925 641 1966 1353
673 1920 828 1954 exarato
863 1912 1037 1954 traditur.
1094 1912 1181 1954 Abu
1210 1912 1409 1962 l'Barakat,
1446 1913 1553 1953 cuius
1590 1911 1893 1966 encyclopaedia

399 1978 511 2020 aliam
532 1977 702 2019 formam
722 1978 912 2028 continet,
933 1991 1038 2018 anno
1060 1980 1157 2030 1363
1178 1978 1466 2030 nonagenarius
1485 1984 1664 2017 mortuus
1681 1984 1750 2017 est.
1787 1976 1891 2017 Cum

399 2050 529 2085 autem
562 2043 634 2083 hae
661 2043 872 2096 scripturae
900 2043 1026 2096 spatio
1055 2043 1244 2096 temporis
1273 2049 1352 2083 tam
1383 2043 1526 2095 exiguo
1555 2044 1602 2082 ab
1622 2041 1683 2082 illa
1710 2042 1892 2082 versione

399 2116 578 2151 remotae
605 2108 696 2158 sint,
725 2121 911 2162 quaerere
939 2106 1040 2158 licet,
1076 2121 1172 2148 num
1201 2107 1247 2148 ab
1277 2121 1321 2148 ea
1350 2106 1596 2161 dependeant
1624 2120 1673 2148 an
1703 2106 1750 2148 ad
1779 2105 1892 2147 aliam

398 2174 625 2215 versionem
665 2171 904 2214 Didascaliae
945 2173 1119 2226 copticae
1160 2171 1351 2212 arabicam
1393 2171 1619 2213 referendae
1661 2172 1749 2212 sint.
1809 2171 1893 2211 Viri

398 2238 555 2293 linguae
584 2237 756 2278 arabicae
785 2238 899 2291 periti
927 2237 976 2278 de
1006 2237 1076 2278 hac
1105 2251 1146 2278 re
1173 2236 1358 2278 iudicent.

507 2303 647 2357 Capita
676 2302 731 2343 vl
759 2301 937 2343 additicia
973 2303 1011 2343 in
1040 2301 1201 2343 diversis
1230 2301 1523 2342 recensionibus
1552 2302 1760 2354 scripturae
1796 2299 1894 2340 locis

398 2368 562 2410 diversis
581 2367 776 2420 leguntur.
827 2366 964 2420 Capita
994 2367 1177 2421 quinque,
1207 2380 1305 2420 quae
1333 2366 1473 2420 ubique
1501 2367 1602 2406 inter
1621 2379 1663 2406 se
1684 2366 1894 2405 coniuncta

398 2440 503 2483 sunt,
543 2433 585 2473 in
619 2430 746 2473 forma
780 2430 935 2485 vulgata
968 2439 1059 2473 sunt
1092 2430 1501 2481 XXXV—XXXIX,
1542 2437 1761 2471 extremum
1797 2443 1892 2482 ergo

397 2498 535 2539 locum
549 2497 747 2548 obtinent;
766 2497 807 2538 in
828 2496 1128 2551 encyclopaedia
1149 2496 1297 2537 laudata
1316 2504 1406 2537 sunt
1418 2495 1781 2544 XXVII—XXXI,
1797 2495 1892 2535 item

398 2563 516 2603 etiam
538 2561 640 2617 apud
655 2561 908 2604 Vanslebium
931 2561 993 2603 vel
1014 2563 1155 2616 potius,
1177 2576 1264 2602 cum
1286 2575 1357 2615 pro
1378 2560 1534 2602 XXVII
1553 2561 1638 2601 sine
1659 2559 1779 2600 dubio
1799 2558 1892 2600 false

398 2626 540 2668 habeat
558 2626 691 2677 XXV,
711 2627 850 2668 XXVI
867 2634 905 2668 et
921 2627 1060 2668 XXIX
1075 2627 1242 2676 omittat,
1273 2628 1311 2667 in
1343 2626 1423 2667 eius
1454 2625 1662 2679 exemplari
1692 2625 1871 2665 restituto
1880 2640 1893 2674 ;

398 2693 440 2733 in
471 2691 696 2745 exemplari,
725 2691 832 2746 quod
861 2692 899 2732 in
930 2692 1035 2733 notis
1064 2690 1388 2745 encyclopaediae
1418 2689 1575 2731 adiectis
1606 2689 1831 2739 delineatur,
1861 2689 1892 2729 si

398 2770 591 2798 numeros
610 2756 680 2798 sub
699 2755 821 2798 finem
843 2757 1054 2811 scripturae
1074 2755 1278 2797 manifeste
1292 2756 1444 2810 saepius
1466 2754 1583 2796 falsos
1599 2762 1703 2795 recte
1721 2754 1894 2807 corrigo,

399 2821 841 2864 XXXIII—XXXVII.
882 2821 1010 2875 Caput
1028 2828 1194 2871 sextum,
1216 2820 1321 2875 quod
1340 2819 1577 2862 inscribitur:
1602 2819 1664 2860 De
1684 2820 1894 2873 episcopiS,

401 2888 442 2928 in
455 2885 622 2940 Vulgata
642 2886 756 2928 habet
774 2886 906 2928 locum
920 2886 1067 2936 XXIII,
1087 2886 1127 2927 in
1149 2884 1449 2940 encyclopaedia
1468 2891 1505 2926 et
1523 2883 1624 2938 apud
1638 2883 1893 2925 Vanslebium
