2457 3436
558 366 875 397 cons-nmmum
902 368 1168 398 mosi-omnum
1197 369 1238 405 ιι,
1266 371 1318 407 57,
1341 371 1458 403 8-12.
1680 362 1756 401 163

452 466 643 513 [ardalus
668 464 737 505 καὶ
761 459 953 522 Ἰωάν-νῃς
971 463 1267 516 παρεδώκαμεν
1285 463 1379 516 ὑμῖν
1407 468 1472 507 καὶ
1502 466 1542 508 οἱ
1570 469 1757 520 συνεργοὶ

452 528 747 588 παρειᾞότες
766 529 1011 579 κατέλειψαν
1029 527 1126 582 ὑμῖν
1141 533 1303 578 Λουκᾶς
1322 530 1589 583 καὶ.Μᾶρκος.
1627 532 1665 573 8.
1686 535 1756 573 καὶ

452 593 783 646 αγινωσκόμενον
810 609 836 646 ῃ
861 594 912 636 τὸ
940 591 1206 648 Εὖαγγέλιον,
1239 595 1392 643 πάντες
1420 595 1460 637 οἱ
1485 586 1757 648 πρεσβύτεῶἶ

452 658 608 700 ιαἀονοι
625 661 694 700 καὶ
722 664 806 708 πᾶς
825 658 849 701 ὁ
878 659 977 708 λαός
996 662 1259 719 στῃκέτωσαν
1276 660 1377 713 μετὰ
1395 664 1551 713 πολλῆς
1574 658 1755 715 ἡσυχίας·

452 739 483 764 ιι
509 722 604 776 γάρ·
640 724 820 773 ,,Σιω’πα
848 726 915 766 καὶ
944 723 1069 766 ἄκουε
1093 722 1290 778 Ίσραήλ“,
1318 727 1386 766 καὶ
1414 725 1558 767 πάλιν·
1591 726 1684 776 υΣὺ
1711 728 1755 768 δὲ

452 792 548 841 τῆθι
565 791 633 830 καὶ
662 785 854 841 ἂκούσῃ“.
904 802 941 842 9.
969 791 1039 830 καὶ
1067 788 1157 842 ἑξῆς
1174 792 1541 841 παρακαλείτωσαν
1569 791 1608 833 οἱ
1635 802 1756 844 πρεσ-

457 853 533 895 τὸν
560 854 678 903 λαόν,
708 851 732 896 ὃ
759 858 903 903 καθεῖς
920 853 1074 902 αὐτῶν,
1104 851 1209 896 ἀλλὰ
1235 854 1289 908 μὴ
1309 852 1499 904 ἅπαντες,
1528 857 1598 897 καὶ
1621 860 1755 898 τελευ-

452 919 568 960 ’ντων
595 916 619 961 ὁ
638 919 874 969 ἐπίσκοπος,
905 916 950 968 ὃς
976 918 1084 961 ἔοικε
1111 918 1348 972 κυβερνήτῃ.
1401 932 1461 962 10.
1492 933 1542 962 στ
1569 922 1756 963 κέτωσαν

452 985 490 1025 ἐν
526 986 713 1036 πυλωροὶ
745 986 802 1033 εἰς
836 984 911 1032 τὰς
950 984 1133 1034 εἰσόδους
1167 989 1258 1026 τῶν
1286 983 1452 1038 ἀνδρῶν
1479 984 1756 1036 φυλάσσοντες

452 1048 476 1089 εἱ
494 1050 536 1090 δὲ
554 1049 740 1090 διάκονοι
770 1050 825 1098 εἰς
842 1049 918 1098 τὰς
944 1055 1034 1091 τῶν
1052 1053 1273 1102 γυναικῶν,
1302 1051 1419 1109 dig-1211
1442 1049 1752 1104 ναυστολόγων·

467 1114 511 1154 ἐν
528 1118 579 1166 τῇ
605 1119 736 1173 agat-37
755 1119 832 1156 τοῦ
849 1117 1074 1167 μαρτυρίου
1094 1112 1117 1156 ὁ
1136 1112 1262 1164 αὐτὸς
1279 1115 1592 1174 παρῃκολούθει
1610 1116 1754 1165 τύπος.

485 1194 546 1227 τις
564 1177 716 1232 εὑρεθῇ
734 1179 847 1230 παρὰ
862 1178 996 1221 τόπον
1019 1179 1310 1233 καθεζόμενος,
1339 1180 1654 1236 ἐπιπλησσέσθω
1672 1178 1756 1223 ὑπὸ

452 1243 565 1285 τόνου
592 1240 651 1293 ὡς
676 1245 876 1296 πρωρέως
909 1245 978 1286 καὶ
1006 1246 1064 1293 εἰς
1096 1244 1173 1287 τὸν
1200 1245 1444 1299 καθήκοντα
1476 1245 1593 1299 αὐτῷ
1620 1245 1756 1288 τόπον

452 1313 518 1350 im.
578 1321 638 1351 12.
668 1308 721 1351 οὔ
746 1309 878 1362 μόνον
906 1309 983 1362 γὰρ
1009 1310 1089 1364 νηῒ,
1124 1306 1228 1351 ἀλλὰ
1257 1311 1324 1351 καὶ
1351 1309 1508 1363 μάνδρῃ
1544 1309 1755 1364 ὡμοίωται

455 1377 527 1415 σιά.
583 1371 642 1423 ὡς
674 1373 751 1427 γὰρ
785 1373 824 1415 οἱ
857 1376 1046 1427 ποιμένες
1080 1373 1257 1416 ἕκαστον
1290 1380 1379 1416 ταῖν
1412 1371 1592 1428 ἀλόγων,
1626 1376 1755 1430 αἰγῶν

453 1440 467 1479 ὶ
499 1439 736 1492 προβάτων,
771 1439 877 1482 κατὰ
914 1441 1148 1493 συγγένειαν
1181 1441 1248 1481 καὶ
1278 1437 1438 1493 ἡλικίαν
1471 1440 1653 1490 ἱστῶσιν,
1687 1443 1755 1482 καὶ

453 1552 517 1580 eut.
541 1556 590 1589 27,
615 1557 645 1591 9.
670 1567 708 1574 —
733 1547 831 1580 Deut.
858 1556 884 1589 5,
912 1556 960 1590 31.

455 1639 475 1676 ἃ
493 1642 563 1686 ἐγὼ
576 1663 615 1669 --
630 1642 896 1687 εὐαγγέλιον>
909 1645 929 1677 b
947 1645 988 1687 01
1006 1649 1022 1679 1
1036 1644 1071 1678 οὶ
1087 1656 1095 1678 :
1112 1640 1135 1678 ἃ
1151 1655 1180 1684 a,
1197 1640 1219 1678 ἃ
1235 1644 1270 1678 οὶ
1288 1649 1322 1678 a²
1336 1645 1340 1688 Ι
1356 1648 1376 1679 8
1391 1642 1712 1689 ἀναγινωσκόμενα
1727 1656 1756 1686 a,

464 1700 470 1739 Ι
489 1702 508 1732 6
523 1700 584 1732 καὶ
599 1708 655 1732 sec
671 1703 716 1738 >
736 1710 756 1742 p
774 1710 793 1731 v
814 1701 818 1740 ἰ
839 1702 857 1733 7
876 1694 897 1733 ὃ
912 1703 956 1738 >
972 1699 993 1732 b
1008 1710 1030 1733 o
1049 1700 1054 1741 1
1074 1696 1235 1741 καθὴσαι
1252 1709 1274 1732 ο
1294 1701 1298 1741 Ι
1320 1694 1475 1738 ἅπαντες
1498 1711 1506 1732 t
1530 1693 1604 1741 ἅμα
1626 1696 1758 1739 πάντες

464 1755 664 1787 τελευταῖον
677 1753 711 1792 h,
734 1752 834 1787 -τέον
851 1753 871 1785 b
887 1763 909 1786 ο
930 1755 934 1793 Ι
953 1755 974 1788 8
996 1749 1141 1787 πάντων
1155 1757 1199 1792 >
1216 1753 1237 1785 b
1255 1763 1276 1785 ο
1296 1755 1300 1794 1
1321 1747 1385 1792 ὅςε
1403 1748 1452 1793 ὥς
1475 1754 1494 1786 b
1515 1755 1520 1794 Ι
1539 1757 1559 1788 9
1583 1748 1690 1793 ὁδοὺς
1703 1753 1724 1787 b
1749 1754 1754 1798 Ι

452 1804 1529 1850 chop!oziahA:02bmopvlafitoloytfivboff
1558 1811 1595 1842 11
1621 1805 1753 1852 78:04-

456 1858 694 1903 αρηκολούθει
720 1864 757 1901 -1-
783 1858 891 1903 λόγος
919 1863 980 1894 καὶ
1004 1862 1022 1894 b
1046 1872 1067 1894 0
1093 1863 1098 1902 Ι
1124 1858 1233 1900 τύπος
1257 1873 1264 1894 :
1293 1858 1405 1895 τύπον
1427 1872 1458 1905 p,
1491 1865 1527 1902 ÷
1559 1863 1621 1896 καὶ
1644 1860 1683 1896 ἐν
1703 1865 1756 1895 τῶ

458 1916 544 1949 θεοῦ
566 1925 584 1948 a
604 1919 608 1955 ί
631 1918 672 1949 12
695 1927 747 1954 τις
772 1918 807 1955 -1-
834 1918 898 1949 τοῦ
919 1915 1117 1958 μαρτυρίου
1141 1915 1160 1947 b
1183 1925 1205 1948 ο
1230 1918 1234 1951 ἔ
1261 1911 1420 1958 εὖρεθήη
1445 1926 1467 1949 o
1492 1918 1496 1957 Ι
1522 1913 1634 1951 τύπον
1656 1916 1677 1948 h
1701 1926 1723 1949 ο
1748 1916 1753 1958 Ι

452 1980 497 2007 ως
518 1969 539 2002 h
561 1980 592 2013 p,
614 1967 781 2011 πρωρεύς
802 1980 821 2002 a
844 1970 865 2002 b
887 1979 909 2002 o
934 1972 938 2010 ἱ
964 1966 1072 2004 αὐτὸν
1095 1969 1116 2002 h
1143 1970 1147 2012 Ι
1176 1973 1216 2003 14
1239 1966 1308 2012 γάρ
1332 1981 1339 2002 :
1364 1969 1402 2004 δὲ
1427 1970 1447 2002 b
1468 1980 1490 2003 o
1515 1973 1519 2011 Ι
1539 1968 1678 2013 μάνδρα
1702 1970 1723 2003 h
1749 1972 1753 2014 Ι

453 2034 459 2055 :
479 2025 539 2056 καὶ
561 2036 596 2060 κ,
619 2024 639 2055 b
662 2033 684 2056 o
704 2024 709 2064 Ι
731 2025 799 2063 1611
824 2025 886 2057 καὶ
910 2021 961 2058 ἓκ.
984 2035 993 2056 z
1017 2022 1248 2057 καθέκαστον
1271 2023 1291 2056 b
1313 2033 1335 2056 o

452 2120 537 2165 Zypr.
559 2121 620 2164 Ep.
647 2130 682 2163 55
710 2132 737 2154 c.
760 2129 814 2163 143
840 2122 878 2163 58
902 2132 929 2155 c.
947 2131 977 2163 4.
1044 2121 1184 2154 Zonaras
1212 2119 1276 2160 τὰς
1302 2118 1543 2165 πρεσβύτιδας
1571 2118 1648 2164 ἦτοι
1669 2133 1757 2165 προ-

452 2175 469 2208 J
487 2182 624 2209 exeunte
640 2176 685 2208 ibi
700 2176 898 2220 presbyteris
916 2175 978 2209 sal·
1045 2175 1254 2218 καθημένας
1282 2175 1400 2220 synodi
1430 2175 1633 2209 Laodicenae
1664 2186 1692 2209 c.
1720 2185 1752 2209 ιι

456 2230 582 2263 entibus
606 2229 770 2274 episcopis
798 2229 888 2273 loqui
912 2240 978 2263 non
1045 2229 1229 2263 describunt
1253 2235 1408 2274 tanquam
1437 2226 1657 2273 ἐξαρχούσας
1685 2232 1759 2263 τῶν

452 2284 510 2317 {ox
532 2290 644 2317 autem
666 2284 749 2317 haec
766 2283 978 2324 consuetudo,
1046 2283 1310 2327 εἰσερχομένων
1331 2283 1382 2323 εἰς
1399 2281 1463 2326 τὴν
1481 2282 1674 2326 ἐκκλησίαν
1697 2295 1759 2325 γυ-

452 2349 607 2383 ronymus
631 2337 692 2381 Ep.
719 2347 756 2380 52
780 2348 807 2371 c.
827 2347 846 2380 7
870 2347 979 2382 repre·
1047 2340 1181 2372 ναικῶν
1204 2339 1266 2372 καὶ
1283 2336 1522 2376 καθεστώσας
1539 2333 1649 2375 αὐτὰς
1671 2334 1761 2378 πρὸς

1779 1057 1821 1090 10

1780 1382 1820 1413 15

452 2393 572 2426 esinere
602 2392 723 2435 coepit.
769 2391 835 2424 Iam
864 2392 978 2435 Augu·
1047 2389 1213 2431 εὐταξίαν
1247 2393 1308 2425 καὶ
1342 2386 1441 2430 ὅπως
1474 2392 1535 2424 καὶ
1570 2385 1663 2424 ὅπου
1690 2387 1758 2432 χρὴ
1791 2418 1793 2422 ,

452 2447 644 2491 ·esbyterum
681 2456 792 2479 coram
822 2446 980 2489 episcopo
1045 2444 1176 2484 ταύτας
1200 2442 1344 2480 ἑστάναι
1374 2440 1617 2481 παιδευούσας
1640 2439 1759 2481 αὐτάς.

453 2512 476 2533 n
494 2500 700 2544 praedicasse
717 2499 930 2532 Possidonius
947 2499 981 2531 in
1048 2519 1086 2523 —
1107 2496 1374 2542 ναυστολόγων]
1388 2498 1440 2531 vel
1453 2494 1682 2539 ναυτολόγων
1697 2496 1716 2529 i.
1731 2506 1759 2530 e.

471 2565 497 2588 c.
531 2565 544 2596 5
576 2553 686 2593 refert,
717 2560 748 2586 et
778 2553 980 2595 Augustinus
1048 2564 1174 2592 eorum,
1185 2553 1238 2597 qui
1249 2562 1369 2586 navem
1381 2552 1538 2584 intrantes
1551 2549 1759 2594 recipiebant.

454 2608 540 2649 udet‚
563 2608 652 2652 quod
670 2607 869 2651 Carthagine
891 2607 981 2640 deni·
1049 2607 1136 2641 Cum
1157 2612 1306 2640 vectores
1331 2606 1429 2639 etiam
1452 2605 1494 2638 de
1516 2605 1630 2638 itinere
1654 2604 1761 2638 erudi-

452 2662 529 2705 yteri
545 2667 718 2706 praesente
736 2662 894 2706 episcopo
913 2672 981 2695 ser·
1048 2667 1130 2702 rent,
1148 2662 1179 2693 in
1192 2660 1374 2694 Clementis
1391 2659 1527 2703 epistula
1545 2658 1585 2692 ad
1604 2658 1759 2692 Iacobum

474 2716 632 2761 populum
656 2717 807 2750 habeant.
1050 2727 1077 2750 c.
1097 2724 1135 2755 14
1157 2726 1232 2748 cum
1256 2713 1440 2747 catechistis
1463 2718 1702 2756 comparantur.
1718 2731 1762 2737 —

452 2771 483 2814 t]
497 2770 583 2804 Infra
601 2771 689 2812 vm,
707 2779 757 2812 20,
774 2781 806 2811 ις
823 2771 875 2811 28,
891 2770 911 2804 6
927 2781 981 2804 cu·
1051 2770 1089 2805 ἐν
1104 2773 1147 2812 τῇ
1163 2771 1276 2812 σκηνῇ
1300 2768 1389 2811 xvh]
1413 2767 1493 2801 Fere
1512 2767 1628 2800 eadem
1646 2766 1760 2809 legun-

453 2835 506 2858 um
519 2831 687 2870 portarum
701 2825 852 2858 distincte
865 2835 983 2858 munus
1050 2830 1101 2857 tur
1129 2823 1212 2856 infra
1239 2823 1326 2862 V111,
1350 2831 1392 2856 20
1422 2823 1455 2855 in
1485 2821 1635 2855 oratione
1666 2829 1763 2863 super

453 2889 525 2912 xum
538 2880 730 2924 appellatur.
760 2879 935 2913 Balsamon
953 2885 986 2912 et
1052 2878 1269 2911 diaconissam
1293 2876 1505 2909 ordinandam
1529 2874 1702 2908 recitanda.

1572 2927 1633 2961 11*
