2457 3436
944 373 1115 403 cmoxns
1141 373 1348 402 nmmum.
1779 362 1897 402 XXV

514 468 620 522 Sigla
648 476 755 511 sunt:
792 468 827 510 C
856 488 907 504 =
935 476 1063 511 textus
1091 471 1267 523 copticus
1296 468 1511 511 secundum
1544 470 1745 511 versiones
1773 470 1901 511 Stein-

392 532 640 576 dorffianam
670 541 708 576 et
730 533 1016 576 Tattamianam
1048 535 1358 585 consentientes3
1387 534 1414 576 S
1433 553 1484 568 =
1504 535 1633 576 versio
1653 534 1898 576 Steindorffi-

394 612 500 650 ana3
529 598 567 639 T
586 617 636 634 =
657 600 786 640 versio
805 598 1070 650 Tattamiana3
1098 600 1130 640 L
1151 618 1202 635 =
1221 600 1350 640 versio
1370 607 1482 640 vetus
1500 598 1633 649 latina3
1662 600 1697 640 A
1719 617 1769 634 =
1790 599 1900 641 Con-

396 664 631 706 stitutiones
659 664 949 718 apostolorum3
979 664 1008 705 E
1029 683 1080 700 =
1100 664 1294 720 Epitome.
1343 664 1472 705 Verba
1501 664 1652 705 uncinis
1674 663 1728 719 ()
1752 663 1900 705 inclusa

399 728 453 771 ad
485 730 720 770 sententiam
750 728 1013 770 illustrandam
1043 728 1170 771 addita
1200 737 1300 770 sunt.

1009 805 1030 823 ¹}
1274 805 1294 823 ἢ

1141 840 1162 859 ⁴*

512 879 574 921 Ad
619 880 934 922 Constitutiones
974 880 1158 922 ecclesiae
1201 883 1449 935 aegyptiacae
1490 882 1668 935 proxime
1708 880 1899 921 accedunt

404 944 645 987 Canones
680 945 950 1000 Hippolyti
984 947 1048 1000 qui
1086 945 1277 996 dicuntur,
1314 947 1363 987 ita
1399 952 1441 987 ut
1476 960 1523 986 ex
1559 947 1613 987 eis
1642 945 1798 987 fluxisse
1833 953 1897 986 aut

405 1022 543 1051 eorum
573 1008 664 1050 fons
693 1024 778 1051 esse
799 1010 982 1051 censendi
1004 1011 1092 1052 sint.
1141 1010 1344 1060 Quoniam
1375 1025 1395 1051 a
1415 1010 1774 1052 Constitutionibus
1803 1024 1896 1064 apo-

405 1073 602 1116 stolorum
632 1076 756 1128 magis
786 1074 931 1116 distant
957 1089 1073 1129 quam
1104 1074 1164 1116 illa
1184 1076 1370 1129 scriptura
1398 1082 1512 1130 atque
1541 1082 1669 1116 textus
1700 1074 1898 1116 sufficiens

406 1139 659 1190 desideratur,
679 1154 769 1181 cum
788 1141 917 1181 versio
935 1140 1151 1194 aethiopica
1171 1140 1296 1182 adhuc
1317 1141 1354 1181 in
1374 1139 1616 1182 bibliothecis
1634 1140 1748 1181 lateat
1768 1153 1897 1194 neque

405 1204 488 1245 libri
516 1204 656 1246 arabici
695 1205 786 1246 satis
815 1205 962 1259 cogniti
992 1206 1081 1255 sint,
1117 1220 1186 1246 eos
1221 1205 1260 1246 in
1296 1205 1372 1246 hoc
1410 1204 1611 1247 volumine
1639 1219 1721 1246 non
1751 1205 1897 1246 insero.

406 1268 531 1310 Pauca
559 1283 656 1311 vero
686 1268 734 1310 de
765 1271 819 1310 eis
849 1270 910 1311 hic
940 1270 1164 1312 disserenda
1194 1284 1278 1311 esse
1307 1269 1499 1311 videntur.

514 1333 710 1388 Scriptura
750 1333 897 1375 arabice
938 1342 976 1376 et
1012 1335 1228 1389 aethiopice
1268 1334 1440 1376 traditur.
1499 1335 1641 1376 Versio
1676 1335 1894 1389 aethiopica

409 1399 587 1440 nondum
616 1399 769 1452 vulgata
798 1407 868 1441 est.
917 1399 1088 1441 Textum
1119 1399 1311 1441 arabicum
1343 1414 1363 1441 e
1387 1398 1540 1441 duobus
1569 1398 1769 1441 codicibus
1792 1399 1897 1440 Vati-

411 1464 513 1504 canis
542 1464 594 1505 D.
623 1464 666 1504 B.
696 1463 745 1505 de
764 1464 972 1519 Haneberg
1002 1478 1106 1506 anno
1142 1466 1243 1517 1870
1274 1464 1393 1506 edidit
1420 1464 1643 1519 addiditque
1671 1464 1894 1505 versionem

411 1529 581 1579 latinam,
606 1543 722 1584 quam
743 1529 899 1571 Achelis
919 1530 1060 1583 passini
1083 1538 1297 1571 correctam
1319 1529 1676 1571 Constitutionibus
1697 1528 1789 1570 eccl.
1811 1543 1897 1582 aeg.

419 1601 448 1635 ’.ι
480 1593 578 1635 locis
606 1593 945 1635 Constitutionum
985 1593 1253 1648 apostolorum
1284 1593 1469 1648 parallelis
1504 1593 1689 1648 adpositis
1725 1595 1764 1634 in
1799 1592 1897 1634 libro

410 1672 521 1713 supra
549 1673 587 1713 p.
617 1658 753 1700 XXIV
783 1658 936 1700 laudato
964 1673 997 1699 a.
1023 1659 1119 1711 1891
1154 1659 1317 1712 repetiit.
1367 1659 1602 1700 Versionem
1632 1659 1896 1711 germanicam

412 1723 585 1766 a-lhibitis
614 1723 765 1765 duobus
794 1724 874 1764 aliis
903 1723 1117 1774 codicibus,
1153 1725 1217 1778 qui
1247 1723 1415 1765 Berolini
1451 1731 1694 1765 asservantur
1724 1731 1761 1765 et
1790 1724 1898 1765 Vati-

413 1789 513 1831 canis
554 1787 656 1830 haud
692 1788 806 1842 paulo
845 1789 1065 1842 superiores
1104 1797 1206 1838 sunt,
1247 1790 1423 1842 inprimis
1465 1788 1645 1829 ordinem
1686 1789 1896 1842 scripturae

412 1855 548 1896 rectius
566 1853 736 1903 tradunt,
763 1868 852 1895 cum
879 1854 918 1894 in
939 1853 1011 1895 illis
1031 1853 1229 1895 codicibus
1250 1868 1336 1909 pars
1356 1855 1518 1895 canonis
1538 1853 1752 1894 XXXVIII
1773 1855 1897 1894 maior

414 1920 449 1960 in
479 1932 672 1960 canonem
696 1918 816 1959 XXX
846 1918 1073 1973 irrepsisset,
1104 1919 1206 1960 Guil.
1229 1918 1363 1961 Riedel
1392 1918 1596 1973 publicavit
1626 1919 1664 1958 in
1694 1918 1791 1959 libro
1823 1918 1898 1958 Die

423 1983 837 2038 Kirchenrechtsquellen
855 1983 917 2024 des
937 1983 1198 2025 Patriarchats
1212 1984 1470 2025 Alexandrien
1494 1996 1596 2036 1900
1616 1997 1653 2037 p.
1675 1995 1897 2036 193—230.

515 2048 678 2090 Summa
697 2049 907 2102 scripturae
927 2047 1007 2090 fere
1037 2048 1172 2090 eadem
1196 2057 1253 2091 est
1272 2063 1316 2090 ac
1335 2049 1676 2090 constitutionum
1699 2047 1790 2089 eccl.
1812 2062 1897 2102 aeg.

413 2114 535 2156 Modo
564 2114 751 2156 Canones
785 2115 997 2155 sententias
1033 2115 1169 2167 partim
1206 2113 1469 2168 amplificatas,
1506 2114 1644 2168 partim
1682 2112 1898 2154 decurtatus

412 2179 604 2230 exhibent,
624 2178 830 2220 nonnullas
849 2179 1049 2229 omittunt,
1070 2178 1199 2233 plures
1220 2178 1379 2229 addunt,
1402 2178 1501 2220 haud
1522 2192 1660 2232 paucas
1686 2178 1794 2220 aliter
1823 2178 1897 2219 dis-

410 2251 573 2299 ponunt.
603 2244 811 2286 Rationem
828 2244 928 2285 inter
945 2242 1038 2284 duas
1057 2245 1262 2297 scripturas
1281 2243 1588 2285 intercedentem
1610 2244 1702 2285 haec
1725 2244 1895 2297 capitum

409 2309 590 2364 synopsis
619 2308 792 2350 illustret.
841 2309 1027 2350 Canones
1053 2309 1258 2364 Hippolyti
1288 2308 1503 2350 secundum
1533 2309 1746 2350 editionem
1769 2308 1897 2348 Hane-

409 2374 630 2428 bergianam
648 2374 913 2428 designantur,
941 2373 1110 2427 pluribus
1131 2375 1246 2415 etiam
1266 2388 1401 2414 versus
1422 2372 1604 2414 editionis
1626 2372 1897 2414 Achelisianae

409 2439 654 2481 adnotantur.

439 2503 663 2530 enuntiationes
681 2511 742 2536 neg.
1603 2501 1732 2527 (lenones
1750 2500 1897 2534 Hippolyti

540 2571 587 2578 -
911 2551 962 2585 De
985 2551 1048 2584 fide
1683 2545 1699 2585 I

537 2612 554 2653 Ῑ
910 2617 1082 2650 Ordinatio
1107 2617 1252 2661 episcopi
1681 2609 1824 2651 II—-III

538 2677 572 2718 II
910 2682 1083 2715 Ordinatio
1106 2682 1286 2726 presbyteri
1685 2675 1740 2716 IV

539 2743 588 2783 III
911 2746 1083 2780 Ordinatio
1107 2746 1232 2780 diaconi
1684 2741 1718 2781 V

539 2807 592 2848 IV
912 2812 963 2845 De
986 2811 1231 2845 confessoribus
1684 2805 1738 2846 VI

540 2872 574 2912 V
910 2877 961 2910 De
984 2877 1108 2910 lectore
1684 2870 1769 2920 VII,
1803 2885 1815 2911 1
