2457 3436
893 357 1158 388 APOS'roLonmt
1187 359 1252 392 vu.
1280 360 1332 396 36,
1354 360 1450 391 2—6.
1801 384 1805 388 ,
1833 351 1911 390 435

456 442 659 496 Quini
687 455 727 495 in
756 453 940 496 laetitiam
970 454 1185 495 animarum
1211 461 1446 505 nostrarum,
1476 456 1576 496 utin
1595 455 1911 497 recordationem

455 509 647 560 'finanus
674 519 885 573 sapientiae
909 533 932 560 a
948 526 988 560 te
1007 517 1207 560 conditae:
1238 530 1275 560 2.
1304 519 1511 573 quomodo
1530 528 1689 573 propter
1708 534 1784 561 nos
1805 523 1909 562 nasci

455 580 493 619 ἶ
519 584 663 626 muliere
691 584 887 634 sustinuit,
914 584 1090 638 apparuit
1116 584 1155 625 in
1185 584 1261 625 vita
1291 583 1375 634 hac,
1402 584 1616 626 ostendens
1643 586 1684 626 in
1715 584 1912 639 baptismo

455 650 521 700 Ro,
551 648 655 704 quod
690 649 787 703 ipse,
823 649 889 703 qui
922 647 1141 703 apparebat,
1177 655 1236 690 est
1270 648 1378 690 Deus
1417 663 1461 690 ac
1497 649 1639 700 homo;
1681 664 1814 703 passus
1854 659 1913 693 est

455 721 587 768 ropter
614 726 687 754 nos
716 712 975 767 permissione
1002 719 1067 754 tua
1096 720 1135 754 et
1163 720 1342 754 mortuus
1372 721 1429 754 est
1468 727 1511 754 ac
1541 721 1732 767 potestate
1761 722 1826 755 tua
1855 730 1912 757 re-

455 778 607 821 urrexit:
642 778 812 833 ideoque
840 776 981 818 festum
1017 778 1311 819 resurrectionis
1347 777 1544 820 dominica
1579 778 1641 820 die
1675 778 1913 822 celebrantes

455 851 612 886 letamur
639 841 690 884 de
718 856 782 892 eo,
815 843 882 897 qui
908 843 1002 883 vicit
1029 841 1187 897 quidem
1216 849 1401 892 mortem,
1429 844 1607 897 patefecit
1641 852 1766 884 autem
1794 846 1913 886 vitam

455 922 471 949 r
502 907 826 949 immortalitatem
834 922 851 957 ;
888 920 958 961 per
996 907 1124 961 ipsum
1165 908 1269 948 enim
1310 915 1450 961 gentes
1487 907 1535 948 ad
1569 915 1607 949 te
1645 907 1837 950 adduxisti
1874 910 1913 951 in

454 973 598 1030 pulum
621 972 866 1027 peculiarem,
901 986 1035 1013 verum
1065 972 1193 1022 lsrael,
1228 972 1319 1013 Deo
1356 986 1501 1022 carum,
1535 974 1600 1028 qui
1629 974 1759 1015 Deum
1796 974 1912 1016 videt.

454 1072 459 1079 .
486 1038 596 1080 Nam
626 1045 682 1088 tu,
711 1037 899 1088 Domine,
928 1037 1045 1078 etiam
1069 1044 1196 1092 patres
1216 1043 1375 1078 nostros
1395 1037 1555 1078 eduxirti
1572 1037 1617 1079 de
1635 1046 1738 1079 terra
1758 1040 1917 1094 Aegypti

453 1119 460 1145 ;
486 1103 667 1158 eripuisti
695 1115 742 1143 ex
765 1103 923 1154 fornace
939 1102 1076 1156 ferrea
1095 1108 1209 1156 atque
1235 1115 1281 1142 ex
1300 1101 1383 1143 luto
1404 1110 1442 1143 et
1461 1102 1623 1143 laterum
1645 1101 1912 1157 confectione3

453 1169 592 1210 necasti
628 1167 677 1209 de
705 1180 824 1208 manu
853 1166 1064 1208 Pharaonis
1094 1174 1133 1208 et
1160 1166 1425 1208 subiectorum
1449 1168 1497 1217 ei,
1526 1181 1570 1208 ac
1590 1181 1659 1222 per
1679 1182 1785 1209 mare
1805 1171 1912 1223 quasi

453 1247 492 1276 et
519 1232 668 1274 aridam
698 1246 769 1273 eos
799 1231 989 1273 deduxisti
1018 1238 1057 1273 et
1085 1245 1222 1273 morem
1247 1233 1394 1285 gessisti
1410 1234 1461 1273 eis
1481 1233 1519 1272 in
1538 1232 1676 1273 deserto
1695 1246 1764 1287 per
1784 1232 1915 1276 multi·

453 1298 538 1340 licia
570 1297 689 1339 bona.
745 1311 784 1350 4.
818 1297 967 1350 Legem
1003 1297 1059 1338 eis
1097 1296 1250 1338 donasti
1289 1296 1426 1338 decem
1467 1297 1676 1339 verborum
1711 1306 1775 1339 tua
1815 1313 1915 1340 voce

454 1363 716 1405 renuntiatam
751 1376 795 1403 ac
829 1369 893 1403 tua
928 1376 1047 1402 manu
1081 1361 1333 1416 descriptam3
1376 1361 1576 1403 sabbatum
1614 1377 1767 1404 servare
1806 1377 1914 1418 prae—

453 1428 576 1483 episti,
605 1441 687 1468 non
718 1425 814 1468 dans
843 1426 1092 1468 occasionem
1121 1426 1346 1476 vacationis,
1375 1426 1443 1467 sed
1470 1418 1802 1481 opportunitatem
1836 1429 1915 1482 pie-

453 1493 531 1542 atis,
556 1491 605 1533 ad
632 1492 904 1546 cognitionem
934 1492 1131 1545 potentiae
1159 1498 1247 1532 tuae
1276 1498 1391 1546 atque
1421 1505 1490 1532 eos
1519 1499 1702 1547 tanquam
1735 1493 1774 1533 in
1803 1507 1914 1534 sacro

452 1564 543 1612 aepto
569 1555 821 1606 concludens,
855 1563 897 1597 ut
930 1555 1030 1597 male
1059 1569 1175 1610 agere
1204 1555 1503 1609 prohiberentur
1538 1563 1576 1597 et
1612 1564 1654 1597 ut
1682 1556 1916 1599 docerentur

452 1629 550 1676 atque
583 1620 631 1663 de
663 1621 887 1675 septenario
922 1620 1155 1662 exsultarent
1163 1637 1175 1671 ;
1210 1628 1370 1675 propter
1407 1621 1482 1662 hoc
1517 1635 1592 1662 una
1628 1620 1841 1663 hebdomas
1878 1630 1916 1664 et

452 1685 694 1729 hebdomades
722 1693 872 1739 septem
902 1693 940 1727 et
968 1686 1114 1727 mensis
1143 1686 1331 1739 septimus
1351 1693 1390 1727 et
1407 1700 1531 1727 annus
1550 1686 1752 1739 septimus,
1781 1694 1819 1727 et
1840 1687 1915 1728 hoc

452 1765 506 1804 per
535 1751 716 1793 circulum
752 1757 975 1791 recurrente
1010 1764 1134 1791 annus
1170 1751 1518 1806 quinquagesimus
1553 1751 1591 1791 in
1628 1751 1915 1793 remissionem.

457 1827 484 1867 5.
505 1816 556 1858 Ut
571 1816 713 1858 nullam
733 1815 922 1870 habereut
940 1814 1123 1856 homines
1140 1816 1390 1856 occasionem
1411 1816 1617 1857 excusandi
1639 1817 1915 1869 ignorantiam,

457 1880 575 1922 idcirco
602 1882 642 1922 in
671 1882 785 1922 omni
812 1879 970 1921 sabbato
998 1879 1123 1921 feriari
1152 1880 1374 1934 permisisti,
1403 1893 1483 1935 quo
1503 1894 1553 1921 ne
1571 1880 1733 1921 verbum
1757 1880 1914 1935 quidem

459 1945 530 1987 irate
561 1946 764 2001 quisquam
802 1959 850 1986 ex
888 1958 957 1985 ore
995 1958 1069 1986 suo
1107 1944 1221 1986 vellet
1258 1945 1436 1985 emittere
1474 1946 1513 1986 in
1553 1945 1616 1986 die
1650 1945 1894 1987 sabbatorum
1904 1962 1915 1997 ;

461 2009 626 2053 sabbatum
663 2011 771 2052 enim
806 2017 865 2051 est
892 2011 1044 2064 requies
1072 2024 1095 2050 a
1122 2010 1331 2058 creatione,
1367 2009 1503 2051 mundi
1540 2009 1747 2060 absolutio,
1782 2010 1913 2064 legum

462 2074 641 2130 inquisitio,
660 2075 743 2117 laus
764 2075 840 2116 Dei
859 2082 964 2128 grata
985 2088 1057 2128 pro
1077 2075 1136 2125 iis,
1156 2088 1253 2129 quae
1273 2074 1499 2116 hominibus
1520 2074 1691 2116 donavit.
1736 2077 1772 2117 6.
1793 2076 1916 2130 Supra

463 2151 532 2192 quae
555 2141 689 2182 omnia
718 2140 866 2181 eminet
894 2138 1114 2181 dominicus
1139 2139 1234 2189 dies,
1263 2146 1400 2192 utpote
1421 2140 1483 2193 qui
1504 2148 1767 2194 repraesentet
1788 2141 1915 2195 ipsum

463 2204 702 2255 mediatorem,
746 2205 1004 2259 provisorem,
1045 2203 1322 2258 legislatorem,
1365 2211 1565 2245 auctorem
1607 2207 1916 2255 resurrectionis,

458 2271 712 2325 primogenitum
755 2270 873 2310 omnis
909 2277 1117 2319 creaturae,
1157 2268 1281 2310 Deum
1323 2269 1475 2309 verbum
1521 2283 1564 2310 ac
1607 2269 1826 2320 hominem,
1870 2285 1916 2310 ex

457 2409 531 2447 2223
550 2408 666 2445 πάντα
690 2408 862 2454 σάββατα
891 2419 909 2443 e
940 2411 945 2452 Ι
974 2412 1016 2444 23
1040 2408 1240 2453 ἐπέτρεψεν
1268 2420 1287 2443 a
1310 2421 1330 2442 v
1360 2412 1366 2450 l
1396 2406 1523 2452 α’μγεῖν
1552 2415 1624 2452 post
1654 2407 1843 2453 σάββατον
1867 2421 1886 2442 v
1911 2413 1916 2447 ξ

455 2463 483 2496 24
502 2463 535 2498 ἐν
553 2470 596 2504 >
620 2465 643 2498 h
664 2466 668 2487 ²
689 2467 732 2498 27
756 2459 1034 2507 πρόὗπάρχουσα
1058 2464 1078 2496 d

483 2656 508 2681 2.
527 2652 569 2692 σῇ
591 2644 842 2692 συγχωρήσει]
865 2647 916 2681 Cf.
934 2658 961 2681 c.
980 2656 1032 2690 25,
1048 2655 1078 2680 a.
1100 2665 1141 2670 ——
1208 2647 1298 2679 hom.
1324 2647 1364 2689 58
1387 2657 1415 2679 c.
1441 2655 1469 2679 2.
1514 2647 1641 2680 Revera
1664 2652 1772 2679 autem
1796 2656 1920 2680 nornen

450 2698 499 2734 τὸν
511 2699 646 2745 ὁρῶντα
664 2699 774 2744 θεὸν]
788 2700 940 2735 Similiter
954 2701 1038 2742 VIII,
1051 2711 1063 2734 ι
1073 2710 1099 2743 5,
1112 2710 1141 2743 7.
1207 2700 1341 2734 denotat
1364 2700 1541 2733 luctantem
1565 2711 1639 2734 cum
1664 2700 1748 2734 Deo.

450 2751 490 2788 Sic
502 2763 645 2791 veterum
661 2756 775 2800 plures
790 2765 913 2789 nomen
927 2754 1024 2789 Israel
1040 2755 1141 2788 inter·

450 2810 634 2848 metabantur
651 2809 867 2854 respicientes
884 2809 966 2843 Gen.
988 2818 1038 2852 35,
1053 2819 1082 2853 9.
1103 2818 1143 2842 xo
1250 2817 1281 2848 4.
1304 2809 1542 2852 σαββατίζειν
1563 2808 1653 2851 ank]
1676 2807 1729 2841 Cf.
1752 2809 1790 2848 11,
1816 2807 1865 2851 36,
1887 2818 1919 2849 13

450 2862 576 2899 velGen.
595 2872 648 2908 32,
665 2863 722 2897 28.
750 2861 803 2897 Cf.
820 2861 989 2908 chrysost.
1004 2864 1039 2897 in
1056 2862 1140 2897 Gen.
1207 2862 1263 2903 Vl,
1287 2871 1340 2905 23,
1366 2872 1399 2905 3;
1422 2862 1563 2905 Ps.-1gn.
1586 2862 1698 2906 Magn.
1722 2873 1752 2906 9,
1779 2872 1806 2905 3.

574 2922 580 2927 .
1727 2917 1789 2950 28,

1940 1046 1980 1077 10

1940 1371 1979 1401 15

1939 1694 1982 1724 20

1938 2002 1980 2048 '25
