2457 3436
962 393 1190 423 mannum
1219 393 1487 423 ANASTAsuNA.
1922 385 1975 423 63

473 488 736 542 περιέθηκεν,
778 486 883 530 α’λλὰ
914 494 969 541 τῇ
999 489 1160 544 ἐξουσίᾳ
1201 489 1422 542 ἐπέτρεψεν
1455 485 1526 531 ὅτε
1558 490 1772 545 ἐλευθέρᾳ,
1815 489 1868 531 ού
1898 490 1977 543 γὰρ

477 556 641 595 θυσιῶν
652 554 779 595 δεῖται
799 551 824 595 ὁ
843 553 960 604 θεὸς,
976 549 1169 607 ἀνενδεὴς
1182 551 1394 607 ὑπάρχων,
1415 553 1519 596 α’λλὰ
1535 555 1768 608 γινώσκων,
1785 555 1979 608 καθάπερ

477 620 543 659 καὶ
558 616 637 672 ἤδη
651 617 871 672 πρότερον,
887 617 967 661 τὸν
985 617 1188 670 φιλόθεον
1201 616 1311 669 Ἅβελ
1331 620 1399 661 καὶ
1415 622 1515 661 Νῶε
1530 621 1598 661 καὶ
1610 619 1781 673 Ἀβραὰμ
1796 622 1865 662 καὶ
1878 620 1977 669 τοὺς

477 687 655 737 καθεξῆς
682 682 761 724 ούκ
786 683 1045 738 αἰτηθέντας,
1074 683 1180 725 ἀλλὰ
1198 688 1360 736 φυσικῷ
1388 683 1505 737 νόμω
1533 687 1780 738 κινηθέντας
1798 681 1864 737 ἀφ’
1887 684 1977 726 ἑαυ-

477 751 564 790 τῶν
592 748 862 801 προσενέγκαι
896 751 1048 790 θυσίαν
1081 753 1147 801 τῷ
1180 753 1270 802 θεῷ
1299 747 1383 792 άπὸ
1411 747 1573 803 γνώμης
1602 746 1854 803 εὐχαρίστου,
1890 750 1975 791 ἐπι-

476 814 615 866 τρέπει
651 814 720 853 καὶ
752 817 831 854 νῦν
861 810 1072 866 Ἑβραίοις,
1106 810 1156 856 οὗ
1189 813 1476 867 προστάσσων,
1518 811 1602 856 ἀλλ’
1640 816 1676 856 εί
1707 818 1976 869 βουληθῶσιν

477 886 714 932 συγχωρεῖν,
743 879 810 919 καὶ
838 879 874 920 εἰ
898 874 981 920 ἀπὸ
1006 877 1139 932 ὀρθῆς
1165 881 1461 932 προσοίσουσιν
1487 878 1663 934 γνώμης,
1693 878 1881 921 εύδοκῶν
1910 880 1977 921 ἐπὶ

476 951 569 992 ταῖς
598 945 764 991 θυσίαις
792 939 945 984 αὐτῶν.
992 943 1059 985 διὸ
1087 944 1218 986 τοῦτό
1245 955 1386 998 φησιν·
1440 945 1492 985 Εἰ
1519 944 1641 986 θύειν
1670 944 1895 997 ἐπιθυμεῖς,
1925 940 1976 987 οὗ

475 1007 660 1061 δεομένῳ
693 1022 764 1061 μοι
797 1011 895 1049 θῦε·
938 1004 1107 1057 οὐδενὸς
1139 1008 1217 1063 γὰρ
1250 1008 1296 1050 ἐν
1326 1011 1439 1064 χρείᾳ
1473 1010 1726 1063 καθέστηκα·
1767 1009 1870 1063 ,,ἐμὴ
1899 1009 1976 1063 γάρ

475 1071 589 1115 ἔστιν
622 1069 649 1126 ἡ
675 1073 893 1126 οἰκουμένη
931 1075 1000 1114 καὶ
1036 1072 1087 1115 τὸ
1115 1073 1318 1127 πλήρωμα
1351 1072 1518 1127 αύτῆς“.
1576 1071 1704 1116 ὁπότε
1733 1075 1776 1115 δὲ
1809 1073 1977 1116 τούτων

475 1133 708 1191 ἀμνήμονες
720 1134 913 1191 ὑπῆρξαν
933 1139 1002 1178 καὶ
1015 1137 1170 1191 μόσχον
1190 1137 1282 1180 ἀντὶ
1300 1142 1406 1180 θεοῦ
1419 1138 1733 1189 ἐπεκαλέσαντο,
1754 1141 1822 1181 καὶ
1835 1138 1976 1192 τούτῳ

474 1202 557 1255 τὴν
583 1202 721 1244 αἰτίαν
749 1207 824 1257 τῆς
850 1202 893 1254 ἐξ
912 1201 1128 1255 Αἰγύπτου
1145 1205 1314 1256 πορείας
1331 1203 1568 1257 ἐπέγραψαν
1585 1206 1789 1257 λέγοντες·
1819 1197 1976 1254 ,,Οὖτοι

475 1266 516 1309 οἱ
542 1268 640 1309 θεοί
667 1278 757 1317 σου,
787 1263 958 1321 Ἰσραήλ,
994 1266 1035 1309 οἱ
1067 1267 1331 1321 ἐξαγαγόντες
1364 1281 1407 1309 σε
1441 1268 1487 1309 ἐκ
1514 1275 1587 1323 γῆς
1616 1268 1874 1322 Αιγύπτοῖ]“,
1908 1271 1976 1310 καὶ

475 1330 553 1374 τὸν
580 1330 649 1373 διὰ
666 1332 851 1381 Μωσέως
868 1330 1196 1385 ἐπισκεψάμενον
1214 1329 1366 1381 αὐτοὺς
1393 1333 1437 1374 ἐν
1456 1338 1507 1385 τῇ
1527 1336 1669 1386 θλίψει
1698 1332 1842 1376 αύτῶν
1870 1334 1976 1377 θεὸν

474 1392 728 1451 ἠρνήσαντο·
748 1395 843 1438 τότε
863 1396 912 1451 δὴ
932 1396 1142 1451 ὀργισθεὶς
1164 1394 1187 1439 ὃ
1202 1398 1314 1448 θεός,
1335 1395 1408 1440 ἅτε
1427 1396 1711 1452 α’χαριστηθεὶς
1730 1395 1797 1440 ὑπ’
1822 1398 1974 1449 αύτῶν,

475 1461 619 1515 ἔδησεν
637 1460 794 1511 αὐτοὺς
812 1462 974 1515 δεσμοῖς
995 1460 1173 1512 α’λύτοις,
1194 1462 1384 1512 στιβῶσει
1402 1467 1634 1515 φορτισμοῦ
1649 1464 1717 1504 καὶ
1732 1462 1976 1518 σκληρότητι

475 1530 635 1569 κλοιοῦ.
692 1529 760 1568 καὶ
795 1522 933 1569 οὐκέτι
968 1525 1096 1568 εἶπεν·
1139 1526 1213 1568 ἐὰν
1246 1527 1431 1582 ποιήσῃς,
1466 1524 1585 1569 ἀλλά·
1621 1530 1796 1581 ποίησον
1831 1532 1976 1569 θυσια-

476 1590 648 1646 στήριον
666 1593 736 1633 καὶ
753 1595 833 1633 θῦε
852 1592 1069 1646 διηνεκῶς·
1090 1592 1324 1646 ἐπιλήσμων
1342 1591 1419 1646 γὰρ
1433 1590 1642 1646 τυγχάνεις
1661 1594 1729 1634 καὶ
1750 1591 1975 1645 α’χάριστος.

477 1655 635 1698 οὔκουν
669 1655 736 1698 διὰ
769 1656 847 1709 τὴν
881 1658 1210 1711 σκληροκαρδίαν
1244 1653 1387 1698 αὐτῶν
1420 1657 1613 1711 ἐπέδησεν
1646 1653 1799 1705 αὐτοὺς
1832 1658 1899 1699 ἐπί
1932 1673 1977 1700 τε

474 1720 711 1775 βρωμάτων
743 1723 812 1762 καὶ
845 1720 969 1774 ζώων
1007 1722 1222 1774 διαφοράν,
1261 1726 1465 1775 καθαρῶν
1498 1723 1567 1763 καὶ
1601 1718 1858 1775 ἀκαθάρτων
1893 1724 1975 1764 δια-

475 1786 631 1840 στολὴν
644 1784 920 1840 ποιησάμενος
935 1788 1070 1828 καίτοι
1085 1786 1247 1835 παντὸς
1259 1786 1370 1839 ζῶου
1384 1790 1513 1828 καλοῦ
1528 1786 1815 1840 τυγχάνοντος,
1828 1787 1896 1828 ἵνα
1911 1787 1977 1828 διὰ

474 1856 557 1894 τοῦ
573 1849 697 1894 θύειν
722 1852 790 1892 καὶ
816 1850 955 1904 α’ργεῖν
979 1852 1048 1893 καὶ
1076 1849 1311 1904 ἁγνίζεσθαι
1331 1853 1399 1893 καὶ
1426 1850 1478 1893 τὰ
1495 1850 1631 1894 τοιάδε
1649 1857 1975 1906 παρατηρεῖσθαι

475 1917 535 1966 εἰς
552 1915 719 1958 ἔννοιαν
746 1915 928 1958 ἔλθωσιν
957 1920 1034 1958 τοῦ
1052 1921 1185 1958 ταῦτα
1213 1918 1507 1969 διαταξαμένου
1527 1916 1668 1965 αὐτοῖς
1697 1921 1802 1958 θεοῦ
1829 1918 1897 1958 καὶ
1919 1918 1973 1970 μὴ

476 1979 765 2023 ἐπιλάθωνται
792 1979 941 2023 αύτοῦ.

594 2068 654 2099 12.
685 2057 731 2099 C.
761 2058 810 2099 A.
839 2057 928 2107 VII,
963 2069 1104 2099 1-10.
1139 2069 1199 2110 13.
1236 2069 1294 2109 15.
1329 2070 1389 2110 17.
1423 2058 1483 2099 18.
1514 2057 1678 2107 Quaest.
1708 2057 1786 2099 XV
1815 2072 1853 2112 p.
1886 2059 1973 2110 176.

583 2117 650 2163 Ἐκ
668 2127 758 2163 τῶν
777 2120 1070 2163 α’ποστολικῶν
1090 2120 1396 2174 Διαταγμάτων.
1438 2126 1516 2163 Τοῦ
1536 2123 1772 2175 νομοθέτου
1791 2123 1976 2170 Μωσέως

475 2185 690 2241 εἰρηκότος
716 2196 803 2234 τοῖς
827 2183 1112 2240 Ἰσραηλίταις·
1140 2183 1269 2238 ,,Ἰδοὺ
1300 2188 1458 2228 δέδωκα
1485 2186 1569 2240 πρὸ
1596 2186 1827 2239 προσώπου
1853 2185 1976 2240 ἱμῶν

474 2251 554 2306 τὴν
573 2249 678 2294 ὁδὸν
704 2257 778 2306 τῆς
795 2255 904 2305 ζωῆς
932 2252 1000 2293 καὶ
1028 2250 1105 2305 τὴν
1125 2248 1231 2293 ὁδὸν
1249 2255 1325 2293 τοῦ
1346 2252 1573 2301 θανάτου“,
1603 2253 1670 2293 καὶ
1687 2251 1973 2304 ἐπιφέροντος·

474 2315 683 2368 »Ἐκλεξαι
702 2315 776 2371 τὴν
794 2315 922 2369 ζωήν,
952 2315 1020 2357 ἵνα
1037 2315 1199 2370 ζήσῃς“,
1228 2319 1297 2357 καὶ
1314 2322 1394 2357 τοῦ
1411 2315 1626 2370 προφήτου
1641 2313 1752 2357 Ἠλία
1781 2317 1976 2369 λέγοντος

474 2386 543 2435 τῴ·
561 2384 670 2435 λαῷ·
698 2379 822 2431 ,,Ἕως
840 2379 945 2423 πότε
961 2384 1185 2433 χωλανεττε
1204 2377 1263 2433 ἐφ’
1287 2380 1534 2434 ἀμφοτέραις
1553 2389 1641 2428 ταῖς
1661 2381 1818 2433 ἰγνύαις
1836 2379 1954 2433 ὑμῶν
1961 2397 1975 2430 ;

587 2513 609 2545 9
625 2510 679 2545 Ps.
693 2519 747 2555 49,
766 2519 816 2544 12.
832 2530 874 2537 —
892 2513 933 2545 12
949 2510 1053 2544 Exod.
1075 2519 1124 2553 32,
1139 2518 1172 2550 4„
1189 2530 1231 2536 -
1252 2513 1294 2543 27
1310 2509 1407 2545 Deut.
1427 2519 1476 2552 30,
1496 2519 1544 2553 ¹9-
1569 2529 1610 2534 —
1634 2514 1676 2545 30
1692 2510 1736 2543 111
1752 2510 1835 2554 Reg.
1858 2511 1906 2552 18,
1924 2520 1974 2544 21.

587 2633 605 2664 1
631 2625 680 2669 οἷς
701 2623 766 2664 ἅτε
790 2629 807 2662 f
828 2629 834 2673 Ι
856 2632 878 2663 2
901 2626 1072 2672 ἀνενδεὴς
1096 2631 1134 2670 -l-
1160 2626 1230 2672 γὰρ
1253 2640 1273 2672 p
1293 2629 1299 2671 Ι
1319 2632 1338 2662 3
1356 2623 1456 2672 Ἅβελ
1481 2640 1488 2663 :
1511 2626 1690 2672 πρότερον
1713 2628 1729 2662 s
1751 2631 1755 2672 Ι
1781 2633 1802 2662 4
1825 2627 1976 2672 ἀπαιτη-

475 2683 609 2723 θέντας
632 2683 664 2717 G
682 2685 688 2724 Ι
707 2687 729 2718 6
751 2685 814 2717 καὶ
838 2686 901 2718 νῦν
925 2694 933 2716 t
957 2684 1078 2717 τοίνυν
1099 2682 1131 2717 G
1151 2684 1158 2723 Ι
1176 2686 1195 2717 7
1219 2688 1403 2726 συγχωρεῖ
1422 2682 1463 2725 G,
1487 2686 1687 2726 συγχωρῶν
1709 2683 1738 2716 C
1763 2684 1769 2725 Ι
1795 2686 1834 2717 11
1857 2679 1974 2728 τούτῳ

475 2737 493 2771 f
512 2737 544 2772 G
568 2749 576 2771 :
599 2741 708 2774 τοῦτο
730 2748 750 2771 a
771 2749 792 2782 p
815 2739 856 2781 τΙ
878 2740 919 2772 13
941 2740 1007 2781 γῆς
1034 2749 1041 2771 :
1065 2740 1128 2781 τῆς
1149 2736 1181 2771 G
1199 2737 1207 2779 Ι
1228 2741 1268 2771 15
1285 2732 1349 2771 ἅτε
1367 2740 1404 2778 4
1425 2735 1467 2780 δὴ
1486 2737 1521 2780 fl
1545 2741 1584 2771 16
1608 2734 1782 2780 στιβώσει
1808 2748 1815 2770 :
1840 2733 1974 2780 σοβάσι

476 2792 508 2827 G
529 2792 552 2826 i.
575 2803 621 2826 m.
642 2794 648 2833 Ι
669 2795 709 2826 17
733 2788 822 2826 α’λλὰ
840 2794 878 2832 -ὶ-
898 2793 960 2826 καὶ
984 2802 1000 2824 r
1019 2793 1026 2835 Ι
1046 2794 1086 2826 19
1102 2788 1329 2834 ἐπεδήμησεν
1348 2801 1365 2824 r
1384 2792 1389 2832 Ι
1408 2795 1451 2825 20
1473 2793 1536 2824 καὶ
1553 2795 1597 2830 >
1616 2790 1648 2824 G
1667 2792 1673 2834 Ι
1693 2794 1733 2824 21
1757 2793 1871 2826 καλοῦ
1886 2801 1902 2823 r
1918 2790 1974 2824 C:

475 2848 647 2890 καθαροῦ
670 2845 712 2886 G,
735 2850 779 2886 >
795 2856 815 2879 a
837 2844 855 2879 f
873 2856 894 2889 p
913 2848 920 2887 Ι
938 2842 1179 2889 τυγχάνοντος
1197 2848 1234 2886 -}-
1252 2842 1363 2880 αὐτοῦ
1380 2849 1418 2889 p’
1435 2844 1442 2889 Ι
1461 2848 1504 2879 23
1526 2848 1674 2880 τοιαῦτα
1692 2844 1709 2877 f
1725 2846 1731 2886 1
1749 2848 1792 2879 24
1807 2841 1917 2880 αὐτὸν
1932 2856 1947 2878 r
1967 2846 1972 2888 Ι

475 2904 518 2936 26
535 2897 842 2941 διατάξεωνάἰιι·
860 2902 866 2943 !
884 2899 1097 2942 μωῦσέωςδ
1119 2899 1139 2932 d
1162 2899 1185 2933 h
1209 2910 1229 2943 p
1254 2911 1274 2931 v
1294 2899 1299 2943 Ι
1318 2894 1758 2943 29Ἡλίασρτῦεῆλιού
1781 2898 1838 2932 bd
1860 2899 1882 2932 h
1906 2899 1974 2933 vG

2002 1083 2045 1113 10

2001 1406 2043 1438 15

1998 1730 2043 1760 20

1998 2065 2042 2095 25

1998 2388 2043 2418 30
