2457 3436
726 378 798 407 mx
825 377 1013 407 cmomcs
1041 378 1266 407 sacrorum
1293 379 1570 409 ΑΡοετοιοιωκ.
1698 366 1895 408 XXXVII

397 475 496 515 iuris
526 474 621 515 eccl.
652 474 896 516 Graecorum
925 489 962 530 p.
993 475 1148 529 88—95
1183 477 1344 530 paravit.
1402 476 1574 531 Inspexit
1607 476 1764 531 quidem
1796 476 1895 518 duos

398 538 501 580 alios
520 538 690 590 codices,
710 540 855 582 scilicet
870 540 1163 582 vallicellanum
1182 541 1211 582 F
1231 554 1280 583 ιο
1294 554 1333 583 et
1349 542 1652 584 Laurentianum
1674 542 1769 597 plut.
1786 543 1837 593 Χ,
1856 556 1895 593 1;

399 605 471 647 sed
501 604 608 647 libris
636 606 909 660 manuscriptis
943 620 1079 661 parum
1109 604 1201 648 fidei
1230 606 1362 649 habuit
1397 620 1512 663 atque
1542 609 1707 649 nimium
1745 608 1793 650 de
1822 623 1895 649 suo

402 671 569 726 ingenio
598 671 718 713 dedit.
765 671 906 713 Adhuc
935 672 1111 714 codicem
1143 672 1418 715 Coislisianum
1452 686 1524 715 211
1559 685 1745 729 tanquam
1775 675 1895 729 scrip-

403 749 534 779 turam
564 737 784 778 tradentem
817 737 957 779 laudat.
1010 737 1112 779 Cum
1143 750 1273 780 autem
1304 753 1430 795 neque
1459 754 1576 781 unam
1607 739 1816 781 lectionem
1847 754 1894 782 ex

403 817 454 844 eo
483 802 666 844 distincte
699 802 854 857 alleget,
889 802 1027 844 librum
1064 818 1143 845 non
1180 803 1319 858 legisse
1349 804 1514 847 videtur.
1573 806 1754 847 Harnack
1784 804 1830 859 (l.
1861 821 1895 848 c.

405 882 444 923 p.
475 881 527 921 54
551 867 635 924 sq.)
666 868 888 923 nuperrime
917 881 1067 911 textum
1099 869 1377 912 Bickellianum
1409 872 1576 926 repetiit.

512 944 612 986 Mihi
642 959 800 1000 quoque
827 957 905 987 tres
934 945 989 987 illi
1018 945 1174 987 codices
1203 958 1358 1000 praesto
1386 959 1508 989 erant.
1561 947 1685 1002 Signo
1716 947 1895 989 Vallicel-

408 1010 535 1052 lanum
566 1025 603 1061 a,
634 1010 902 1052 Florentinum
935 1010 995 1052 vel
1024 1011 1329 1053 Laurentianum
1360 1011 1386 1063 f,
1417 1013 1695 1054 Monacensem
1727 1027 1780 1055 m.

1098 1338 1206 1379 vm.

591 1436 691 1476 LEX
719 1435 973 1476 cmoch
1000 1436 1300 1478 SAncromm
1330 1437 1708 1479 Aposrommm.

515 1554 626 1596 Haec
654 1554 843 1608 scriptura
865 1554 1219 1596 Constitutionibus
1239 1555 1507 1610 apostolorum
1533 1556 1630 1596 mihi
1651 1555 1896 1610 adiungenda

416 1633 490 1662 esse
519 1619 688 1670 videtur,
723 1620 814 1674 quia
848 1618 1026 1661 similiter
1059 1630 1176 1675 atque
1212 1620 1283 1661 hae
1318 1618 1365 1661 ab
1394 1620 1582 1675 apostolis
1610 1635 1651 1662 se
1681 1621 1895 1675 profectam

415 1699 491 1727 esse
520 1683 727 1741 profitetur
754 1695 793 1727 et
821 1699 902 1726 uno
931 1684 1066 1726 codice
1096 1685 1187 1727 huic
1216 1686 1325 1740 operi
1355 1686 1496 1727 inserta
1525 1686 1698 1728 traditur.

514 1761 671 1802 Primus
691 1760 720 1802 Ι.
742 1760 848 1802 Guil.
870 1760 1015 1802 Bickell
1043 1762 1082 1802 in
1111 1772 1224 1802 tomo
1245 1762 1376 1816 priore
1397 1763 1595 1804 Historiae
1624 1764 1715 1804 iuris
1744 1763 1898 1804 ecclesi-

411 1827 518 1869 astici
535 1825 690 1881 (1843)
719 1841 757 1881 p.
783 1839 993 1881 133—137
1022 1842 1044 1869 e
1072 1827 1207 1869 codice
1229 1827 1529 1869 Vindobonensi
1558 1842 1644 1870 eam
1677 1828 1899 1883 publicavit.

413 1891 587 1934 Textum
618 1891 800 1934 editionis
827 1892 1013 1947 principis
1037 1891 1117 1934 fere
1137 1893 1324 1935 intactum
1347 1894 1523 1947 Lagarde
1554 1895 1706 1949 repetiit
1735 1894 1774 1935 in
1795 1894 1898 1936 Reli-

410 1959 511 2014 quiis
550 1958 645 1999 iuris
682 1957 817 1999 eccles.
854 1959 1135 2013 antiquissimis
1173 1973 1231 2013 gr.
1272 1960 1374 2012 1856
1408 1973 1445 2014 p.
1485 1960 1662 2014 36—-373
1703 1959 1824 2001 modo
1860 1961 1897 2001 in

409 2036 559 2066 canone
580 2023 597 2065 Ι
616 2022 840 2065 emendavit
859 2024 1179 2077 διακαινησίμου,
1198 2038 1288 2066 cum
1308 2024 1433 2066 codex
1452 2024 1555 2080 legat
1574 2024 1897 2078 ὀιακαινισήμου,

409 2101 447 2131 et
474 2088 647 2131 formam
669 2088 819 2144 aliquot
838 2088 1046 2130 verborum
1069 2091 1248 2131 mutavit.
1299 2090 1478 2132 Tertiam
1498 2090 1713 2132 editionem
1735 2091 1899 2133 instituit

409 2156 514 2197 Pitra
543 2155 584 2197 in
611 2166 727 2197 tomo
755 2155 887 2209 priore
910 2155 1105 2196 Historiae
1124 2167 1161 2197 et
1181 2156 1362 2197 Monum.
1383 2157 1477 2197 iuris
1496 2156 1632 2198 eccles.
1654 2156 1898 2198 Graecorum

409 2235 447 2275 p.
471 2233 698 2273 roo—109.
745 2221 856 2261 Duos
884 2219 1043 2275 quidem
1074 2220 1171 2262 alios
1190 2221 1346 2263 codices
1368 2221 1557 2272 adhibuit,
1586 2233 1737 2263 textum
1768 2233 1897 2263 autem

408 2301 489 2328 non
510 2287 794 2328 accuratiorem
815 2285 994 2327 reddidit.
1042 2286 1176 2342 Itaque
1197 2287 1426 2342 scripturam
1449 2287 1580 2329 denuo
1599 2287 1717 2329 edens
1738 2301 1899 2341 operam

408 2367 490 2394 non
520 2350 684 2406 perdere
714 2352 811 2393 mihi
841 2352 946 2393 visus
972 2366 1073 2392 sum.

519 2429 747 2483 Respiciens
774 2429 1003 2482 scripturam
1036 2427 1228 2470 vocabulo
1255 2424 1441 2480 ἀνάθεμα
1471 2429 1550 2470 vim
1585 2429 1901 2469 excommunica-

408 2495 530 2537 tionis
559 2493 781 2545 attribuere,
810 2509 885 2549 qua
914 2494 1054 2549 synodi
1084 2494 1225 2536 saeculi
1247 2494 1303 2535 IV
1331 2494 1369 2536 id
1400 2505 1595 2548 usurpant,
1626 2493 1770 2536 Bickell
1801 2493 1846 2548 (l.
1869 2509 1900 2536 c.

409 2577 447 2616 p.
474 2560 574 2615 100)
602 2574 690 2602 eam
721 2560 796 2602 hoc
823 2560 985 2602 saeculo
1015 2574 1094 2601 non
1125 2561 1310 2614 priorem,
1340 2560 1566 2614 ceteroquin
1596 2559 1796 2614 antiquam
1818 2574 1902 2602 esse

408 2627 574 2669 censuit.
623 2626 727 2668 Pitra
747 2625 793 2681 (l.
814 2640 846 2667 c.
865 2640 903 2681 p.
929 2624 1026 2679 107)
1047 2640 1239 2666 canonem
1261 2626 1277 2666 I
1298 2639 1376 2666 non
1397 2626 1658 2681 antiquiorem
1681 2640 1763 2666 esse
1784 2640 1901 2680 quam

412 2692 615 2747 Typicum
652 2691 691 2733 S.
719 2691 842 2733 Sabae
877 2691 925 2745 (†
957 2704 976 2745 5
985 2690 1057 2745 32)
1086 2702 1206 2745 putat.
1263 2692 1316 2732 At
1350 2705 1494 2732 errasse
1530 2691 1695 2733 videtur.
1752 2691 1903 2732 Textus

411 2758 527 2799 huius
541 2758 756 2811 scripturae
770 2771 893 2811 nuper
908 2757 1032 2799 editus
1047 2755 1351 2811 (Byzantinische
1359 2755 1575 2810 Zeitschrzjft
1588 2757 1656 2807 III,
1670 2770 1683 2797 1
1694 2758 1744 2797 68
1754 2780 1797 2785 —
1807 2770 1820 2797 1
1829 2756 1903 2811 70)

410 2824 605 2866 sententia
633 2822 689 2864 illi
717 2824 858 2865 canoni
887 2824 1105 2878 propinqua
1135 2834 1251 2864 caret.
1301 2822 1542 2878 Ceteroquin
1572 2822 1635 2863 ille
1665 2836 1791 2863 canon
1822 2823 1903 2876 ipse

411 2888 556 2945 prodit,
577 2889 809 2943 scripturam
831 2903 910 2930 non
931 2901 1021 2930 ante
1040 2888 1238 2930 saeculum
1261 2888 1297 2929 V
1318 2899 1495 2929 exortam
1517 2902 1613 2929 esse.
1661 2887 1826 2929 Saeculo
1847 2888 1903 2929 IV
