2457 3436
870 384 1134 415 Αιόετοιοιωκ
1163 384 1227 423 vn,
1250 386 1281 423 5,
1307 386 1400 423 1—6‚
1422 387 1453 418 ⁴.
1826 374 1904 416 395

510 480 569 522 V.
610 480 711 522 Non
741 481 816 522 eris
843 480 1035 535 malignus
1069 494 1197 535 neque
1225 480 1431 535 superbus:
1466 479 1631 535 superbis
1665 482 1770 522 enim
1801 482 1906 522 Deus

457 547 558 587 ierit.
611 558 650 588 2.
681 545 772 587 Non
790 546 945 601 accipies
963 554 1162 600 personam
1192 546 1231 586 in
1260 545 1406 595 iudicio,
1435 546 1523 600 quia
1544 545 1704 586 Domini
1728 554 1781 587 est
1807 547 1904 587 iudi-

455 625 521 652 tm.
584 624 623 668 32
651 611 746 652 Non
776 609 871 652 odio
905 609 1062 652 habebis
1097 609 1215 651 ullum
1253 610 1472 651 hominem.
1529 610 1733 664 Arguendo
1769 624 1906 664 argues

454 684 575 717 utrem
605 683 727 726 tuum,
755 683 790 716 et
807 690 879 717 non
898 677 1054 730 accipies
1074 682 1226 730 propter
1253 689 1336 716 eum
1360 683 1553 730 peccatum
1559 689 1577 724 ;
1605 683 1644 716 et
1663 689 1782 729 argue
1803 677 1902 730 sapi-

455 748 546 791 unt,
575 749 611 782 et
638 740 770 795 diliget
795 748 842 781 te.
888 754 927 793 4.
957 740 1063 793 Fuge
1091 740 1138 781 ab
1167 741 1276 781 omni
1307 740 1412 781 malo
1441 747 1480 781 et
1508 740 1554 781 ab
1577 741 1690 781 omni
1718 754 1760 781 re
1788 740 1901 781 simili

457 820 469 847 τ
498 805 641 849 Recede
673 806 793 856 enim,
826 806 964 860 inquit,
1000 805 1048 846 ab
1077 806 1214 860 iniquo,
1248 813 1283 845 et
1318 813 1456 845 tremor
1491 819 1562 846 non
1599 804 1905 859 appropinquabit

453 869 496 912 bi.
554 883 591 923 5.
625 870 691 921 Ne
722 871 775 911 sis
801 868 1007 912 iracundus
1036 884 1164 924 neque
1193 868 1345 911 invidus
1372 884 1501 924 neque
1530 869 1745 911 aemulator
1777 882 1905 924 neque

453 936 585 978 sinsus
612 948 742 990 neque
769 934 904 984 audax,
933 948 983 976 ne
1011 934 1078 976 tibi
1108 934 1296 991 accidant,
1324 948 1422 989 quae
1442 934 1542 976 Cain
1562 942 1600 976 et
1620 934 1710 976 Saul
1734 942 1773 975 et
1791 933 1904 984 Ioab;

453 1000 603 1042 uoniam
630 1000 780 1054 primus
808 998 965 1055 quidem
995 999 1139 1041 occidit
1166 998 1322 1041 fratrem
1351 1013 1465 1041 suum
1496 999 1607 1049 Abel,
1636 997 1744 1053 quod
1773 1000 1805 1040 is
1833 997 1903 1041 fuit

453 1064 521 1121 pud
547 1065 677 1107 Deum
714 1065 970 1118 praestantior
1007 1065 1189 1105 inventus
1223 1065 1382 1119 eiusque
1419 1063 1647 1105 sacrificium
1687 1071 1904 1117 acceptum,

453 1129 610 1172 ecundus
648 1142 745 1171 vero
783 1136 961 1170 sanctum
998 1128 1124 1170 David
1162 1128 1474 1184 persequebatur,
1515 1130 1704 1170 victorem
1744 1128 1904 1170 Goliath

453 1194 624 1245 fflistaei,
652 1193 832 1236 invidens
860 1193 913 1236 ob
941 1194 1174 1236 saltatricum
1205 1193 1368 1236 faustam
1398 1194 1734 1243 acclamationem,
1766 1194 1904 1235 tertius

453 1258 585 1315 lenique
618 1259 719 1301 duos
753 1260 945 1301 exercitus
978 1258 1097 1301 duces
1131 1258 1321 1306 confodit,
1362 1259 1497 1301 Abner
1536 1258 1675 1300 ducem
1715 1259 1831 1299 Israel
1867 1266 1905 1299 et

453 1325 615 1374 lmasam,
643 1324 784 1366 ducem
815 1323 942 1366 Iudae.

529 1389 593 1431 Vl.
622 1390 684 1431 Ne
712 1390 765 1430 sis
793 1402 928 1443 augur,
962 1390 1051 1443 quia
1086 1388 1123 1429 id
1154 1388 1258 1430 ducit
1291 1388 1339 1430 ad
1375 1388 1651 1431 idololatriam:
1687 1388 1902 1443 Augurium

453 1454 543 1504 mim,
567 1455 690 1509 inquit
719 1453 888 1504 Samuel,
909 1461 1105 1509 peccatum
1134 1462 1197 1503 cst,
1232 1461 1272 1495 et
1301 1468 1372 1495 non
1401 1455 1471 1494 erit
1498 1454 1699 1507 auguratio
1727 1454 1766 1494 in
1795 1452 1903 1494 Iacob

453 1532 537 1574 uque
559 1519 739 1560 divinatzb
767 1520 807 1559 in
835 1518 966 1560 Israel.
1025 1530 1060 1560 2.
1092 1518 1182 1560 Non
1210 1520 1283 1559 eris
1310 1520 1522 1560 incantator
1554 1526 1619 1559 aut
1640 1518 1769 1572 filium
1798 1526 1901 1558 tuum

452 1582 606 1634 lustrant&
629 1598 702 1626 non
721 1583 944 1625 ominaberis
971 1598 1086 1638 neque
1104 1584 1352 1637 auguraberis
1371 1598 1485 1638 neque
1504 1582 1757 1638 auspicaberis
1774 1596 1902 1637 neque

452 1646 546 1690 disces
575 1663 710 1703 pravas
745 1648 981 1703 disciplinas;
1017 1648 1112 1690 haec
1148 1650 1253 1690 enim
1283 1649 1417 1690 omnia
1447 1649 1562 1690 etiam
1598 1647 1659 1689 lex
1694 1647 1902 1701 prohibuit.

453 1723 479 1765 3.
497 1712 551 1755 Ne
575 1714 625 1755 sis
643 1714 799 1768 cupitor
819 1713 1030 1765 malorum;
1061 1712 1262 1755 deduceris
1293 1715 1395 1755 enim
1428 1714 1468 1754 in
1488 1720 1736 1767 peccatorum
1763 1712 1899 1753 nimie-

530 1868 549 1899 2
560 1861 579 1899 ὂ
593 1867 653 1908 (>
665 1865 704 1906 h)
721 1861 811 1904 θεός
825 1875 844 1897 a
860 1864 882 1897 h
899 1876 919 1897 v
935 1876 944 1899 ε
960 1862 1083 1908 κύριος
1101 1866 1122 1897 b
1136 1866 1156 1897 d
1170 1874 1188 1897 e
1201 1875 1221 1908 p
1234 1864 1325 1897 Lxx
1345 1868 1349 1905 Ι
1370 1862 1565 1908 πρόσωπον
1579 1868 1616 1904 -l-
1630 1861 1807 1898 δυνάστου
1825 1875 1845 1907 p
1858 1875 1877 1894 v
1897 1898 1899 1904 s

453 1910 492 1951 ὅτι
508 1922 560 1954 τοῦ
579 1931 589 1954 :
610 1923 676 1954 τοῦ
700 1917 770 1962 γὰρ
793 1929 816 1963 p
838 1930 858 1951 v
878 1924 882 1959 Ι
902 1923 923 1952 4
946 1916 1057 1954 αὑτοῦ
1080 1929 1098 1952 e
1119 1923 1122 1958 ἱ
1144 1923 1164 1953 5
1186 1915 1343 1961 φεύγετε
1366 1919 1388 1952 h
1409 1926 1412 1959 i
1433 1922 1453 1953 6
1476 1916 1587 1953 αὐτοῦ
1611 1919 1631 1951 b
1654 1918 1687 1958 h,
1711 1915 1829 1952 αὐτῶν
1852 1928 1871 1951 e
1896 1921 1900 1958 ἰ

455 1969 744 2015 Βμὴῐεμανικὸςά
763 1976 768 2010 ἱ
790 1970 928 2015 θρασὺς
946 1971 1092 2014 -l-‘t'mb
1111 1973 1163 2006 An
1182 1975 1188 2015 Ι
1208 1970 1388 2016 θίὠβειδ
1407 1975 1413 2014 Ι
1433 1968 1534 2012 ὅςεί,
1553 1984 1609 2017 pv
1629 1976 1634 2010 Ι
1658 1975 1698 2007 10
1716 1970 1900 2014 τὸν>ἀ1

457 2028 483 2059 11
498 2030 746 2071 προσδεχθῆναι
771 2038 781 2061 :
804 2030 1045 2070 προκριθῆναι
1069 2038 1087 2060 a
1118 2030 1123 2067 Ι
1157 2030 1196 2061 12
1220 2025 1413 2070 νικήσαντα
1438 2030 1475 2067 -4-
1502 2025 1564 2060 τὸν
1586 2038 1604 2059 a
1627 2028 1647 2059 b
1673 2028 1677 2067 Ι
1705 2025 1831 2069 γυλιὰὸ
1852 2038 1870 2060 a
1897 2029 1900 2068 ξ

457 2077 578 2121 'gnicione
597 2093 615 2115 a
638 2081 661 2114 d
683 2091 703 2115 e
727 2082 781 2113 An
805 2092 813 2114 :
837 2082 898 2114 καὶ
922 2082 951 2122 ζ.
974 2081 994 2113 b
1017 2080 1038 2113 h
1061 2091 1081 2124 p
1098 2093 1118 2113 v
1137 2081 1144 2125 l
1166 2085 1205 2115 13
1229 2079 1450 2123 στρατάρχας
1473 2091 1491 2113 a
1511 2082 1516 2122 Ι
1539 2084 1578 2115 14
1601 2078 1739 2124 α’βενὴρ
1761 2080 1781 2113 d
1806 2091 1826 2124 p
1850 2093 1869 2112 v
1897 2099 1900 2102 >

457 2134 497 2166 ni
513 2144 528 2167 a
545 2135 565 2168 d
584 2146 601 2169 e
618 2147 626 2168 :
644 2139 682 2176 4-
702 2132 767 2168 τὶν
790 2136 809 2167 b
826 2134 848 2167 h
864 2145 884 2178 p
900 2145 920 2166 v
939 2137 945 2175 Ι
966 2131 1131 2175 οἱμεσσάν
1152 2135 1173 2168 h
1194 2139 1199 2172 Ι
1222 2138 1260 2168 17
1285 2133 1462 2175 οἰώνισμα
1479 2136 1498 2167 b
1517 2135 1538 2167 h
1559 2166 1562 2174 ,
1586 2137 1625 2168 18
1649 2133 1829 2168 ἐπαοιδῶν
1852 2145 1870 2168 e
1896 2161 1899 2175 ,

458 2181 491 2227 ἧῖ
507 2185 576 2223 mist
597 2200 618 2233 p
639 2200 671 2228 v,
693 2193 739 2228 >
764 2189 785 2221 b
805 2192 809 2224 l
832 2191 871 2222 19
894 2185 977 2223 οὐδὲ
1001 2186 1165 2231 doz-some.
1193 2208 1227 2212 ——
1252 2186 1403 2231 μαθήση
1427 2193 1461 2220 :1²
1483 2188 1503 2222 i.
1528 2199 1582 2228 m.,
1607 2193 1651 2227 >
1675 2199 1692 2221 a
1720 2192 1723 2223 Ι
1749 2186 1901 2231 μάθημα

456 2241 573 2284 πονηρὸν
591 2244 611 2276 d
633 2254 653 2277 e
676 2254 697 2287 p
723 2254 742 2275 v
762 2244 768 2284 Ι
788 2246 831 2277 20
853 2239 967 2277 πάντα
991 2241 1011 2275 d
1034 2252 1053 2275 e
1076 2253 1096 2286 p
1119 2255 1140 2275 v
1159 2246 1165 2283 Ι
1184 2246 1224 2276 21
1250 2238 1436 2285 ἁμαρτιῶν
1458 2254 1476 2275 e

458 2337 546 2347 κ-
569 2344 600 2348 -,
629 2345 640 2348 -
668 2345 675 2348 .
716 2344 733 2347 ..
770 2344 783 2346 .-
830 2343 959 2347 .--..-..-
1014 2345 1017 2347 .
1061 2344 1066 2347 .
1094 2345 1098 2347 .
1160 2345 1166 2347 .
1269 2344 1304 2347 -..
1395 2344 1424 2347 -..

483 2401 757 2449 Ἠίπαγόρευσις
768 2407 1003 2448 κακοηθείας,
1015 2416 1125 2447 προσ·
1236 2405 1291 2438 Vl.
1312 2406 1398 2447 Περὶ
1417 2404 1716 2447 οἰωνοσκοπικῆς,
1735 2404 1904 2446 ἐπαοιδῆς

455 2461 636 2502 memmiae,
673 2456 798 2502 ὀργῆς,
837 2460 1125 2501 μισανθρωπίας,
1191 2458 1392 2501 (ἐπαοιδιάς
1398 2460 1444 2501 a),
1451 2461 1704 2501 κληδονισμηῦ,
1711 2457 1767 2491 ἐπι
1774 2460 1904 2499 θυμία,-

452 2510 622 2553 horariae.
680 2512 871 2547 interdictio
904 2512 1125 2556 malignitatis,
1191 2516 1316 2546 κακῶν
1343 2514 1404 2546 καὶ
1434 2516 1570 2547 λοιπῶν
1597 2509 1903 2555 ἀπηγορευμένων

452 2567 609 2610 uoeptimis
625 2577 854 2611 personarum,
869 2567 947 2606 irae,
969 2566 1036 2599 odii
1048 2576 1125 2611 erga
1191 2568 1449 2610 (κληδοι-ισμοῦ
1482 2569 1556 2600 κτλ.
1586 2571 1629 2605 >
1658 2568 1704 2608 a).
1749 2566 1800 2599 De
1835 2572 1902 2599 arte

451 2614 576 2662 homines,
597 2621 750 2655 invidiae.
1192 2621 1349 2665 augurali,
1366 2621 1595 2660 incantatione,
1612 2621 1824 2659 ominatione.
1848 2631 1904 2653 cu-

1191 2675 1300 2720 pidine
1324 2675 1485 2708 malorum
1512 2674 1771 2718 reliquarumque
1795 2684 1903 2707 rerum

1192 2729 1444 2762 interdictarum.

474 2788 495 2823 3.
513 2782 651 2829 ἐλεγμῷ
674 2782 767 2827 κτλ]
792 2782 880 2816 Haec
896 2783 1019 2817 addens
1035 2783 1124 2817 Con·
1240 2792 1331 2823 1-4.
1354 2782 1558 2816 Constitutor
1575 2782 1722 2815 ordinem
1740 2782 1903 2815 Didaches

453 2834 542 2871 timor
557 2838 655 2871 verba
673 2834 765 2871 ἀλλὰ
785 2833 848 2876 οὓς
862 2837 929 2879 μὲν
946 2841 1019 2871 κτλ.
1053 2838 1124 2871 Did.
1196 2847 1223 2879 3.
1250 2846 1276 2879 3.
1300 2845 1321 2876 4
1345 2837 1482 2870 invertit.

452 2914 460 2928 .
477 2899 492 2932 7
510 2891 636 2926 delevit.
1239 2900 1267 2931 3.
1291 2890 1343 2924 Cf.
1369 2890 1481 2934 Cyrill.
1506 2890 1593 2924 Hier.
1617 2890 1752 2923 Catech.
1776 2889 1832 2928 IV,
1856 2899 1903 2930 37.

479 2695 651 2741 1.Ps.-lgu.
675 2697 754 2731 Her.
781 2705 810 2738 5,
839 2705 865 2729 x.

1930 1078 1970 1108 10

1930 1402 1968 1432 15

1924 1724 1966 1754 20
