2457 3436
1128 381 1321 412 camum.
1891 374 1965 413 141

586 477 699 519 XVI.
730 477 853 527 Quod
882 489 1038 532 oportet
1067 477 1342 532 baptizandum
1372 494 1393 520 a
1419 478 1622 522 sacerdote
1642 481 1798 531 initiari,
1828 496 1968 523 renun-

471 542 573 584 tiare
604 541 762 584 diabolo
790 554 828 584 et
857 542 1020 585 adscribi
1052 543 1224 585 Christo.

588 619 716 659 XVII.
756 617 879 668 Quod
916 633 1016 675 aqua
1052 618 1295 674 baptismatis
1332 619 1384 661 ob
1424 620 1617 675 triplicem
1656 620 1966 664 submersionem

473 695 616 738 typum
647 684 747 738 gerit
777 685 915 726 mortis
944 699 989 726 ac
1018 686 1310 727 resurrectionis
1340 685 1498 727 Christi.

587 759 732 801 XVIII.
778 759 901 810 Quod
943 760 1076 802 oleum
1122 773 1160 803 et
1196 761 1364 803 chrisma
1411 760 1635 816 symbolum
1676 764 1752 804 sint
1793 764 1969 817 pignoris
2013 776 2034 808 5

474 825 636 879 spiritus
663 827 798 867 sancti.

587 900 696 942 XIX.
734 901 856 951 Quod
891 902 1044 943 mulieri
1080 901 1294 957 baptizatae
1328 904 1535 957 episcopus
1569 903 1825 945 solummodo
1854 915 1968 958 caput

475 978 611 1020 ungat,
641 965 829 1008 diaconus
858 981 954 1009 vero
983 981 1027 1008 os
1056 979 1094 1009 et
1124 980 1258 1021 pectus
1286 980 1325 1009 et
1353 967 1571 1010 diaconissa
1601 979 1729 1010 totum
1758 983 1912 1023 corpus,

587 1108 678 1148 XX.
715 1106 838 1157 Quod
869 1108 907 1148 in
937 1107 1169 1162 baptismate
1198 1108 1352 1165 diaconi
1383 1110 1490 1150 viros
1518 1120 1556 1150 et
1585 1109 1826 1151 diaconissae
1855 1109 1968 1151 muli·
1994 1115 2034 1146 10

477 1186 563 1213 eres
591 1173 785 1227 suscipere
813 1171 991 1214 debeant.

586 1248 696 1290 XXI.
725 1248 847 1298 Quod
877 1248 985 1290 laicis
1014 1264 1093 1290 non
1123 1249 1236 1291 liceat
1265 1248 1392 1291 facere
1421 1248 1614 1304 baptisma
1643 1250 1705 1292 vel
1733 1248 1966 1291 sacrificium

477 1313 539 1355 vel
569 1328 708 1355 manus
737 1315 1032 1367 impositionem
1064 1314 1125 1356 vel
1155 1314 1485 1357 benedictionem.

585 1389 715 1432 XXII.
744 1390 868 1440 Quod
898 1391 1081 1432 mulieres
1111 1391 1208 1433 nihil
1227 1390 1352 1433 facere
1373 1391 1551 1441 debeant,
1581 1406 1651 1433 nec
1672 1391 1867 1446 baptizare
1897 1407 1968 1433 nec

476 1454 633 1498 docere.
1994 1473 2032 1504 15

585 1530 727 1573 XXIII.
768 1531 890 1582 Quod
932 1533 1120 1587 episcopo
1159 1532 1234 1574 soli
1272 1533 1384 1574 liceat
1423 1532 1615 1583 ordinare,
1656 1544 1694 1574 et
1735 1533 1968 1588 presb-weris

477 1611 617 1638 manus
647 1611 863 1651 1mponere.

585 1672 736 1715 XXIV.
767 1672 889 1722 Quod
919 1688 1046 1728 neque
1077 1675 1217 1714 iterum
1247 1673 1442 1728 baptizare
1463 1686 1619 1728 oportet
1640 1689 1768 1730 neque
1790 1675 1967 1729 accipere

476 1736 669 1791 baptisma
698 1737 746 1780 ab
775 1739 907 1793 impiis
936 1737 1084 1788 datum,
1121 1738 1226 1793 quod
1257 1753 1336 1780 non
1366 1750 1423 1780 est
1454 1738 1658 1793 baptisma,
1692 1738 1761 1781 sed
1790 1740 1968 1794 inquina-

477 1814 672 1845 mentum.
1991 1817 2034 1848 20

585 1880 718 1921 XXV.
749 1879 869 1929 Quod
899 1895 980 1922 non
1010 1880 1234 1935 accipienda
1263 1881 1312 1921 sit
1342 1881 1574 1921 communio
1602 1881 1812 1935 impiorum
1837 1880 1968 1922 haere-

476 1946 648 1987 ticorum
677 1960 700 1986 a
730 1946 817 1987 Deo
845 1960 1040 2000 separans.

585 2020 737 2063 XXVI.
767 2021 890 2071 Quod
919 2036 997 2063 non
1028 2021 1216 2064 debemus
1242 2021 1494 2075 neglegentes
1515 2035 1597 2062 esse
1626 2022 1726 2063 circa
1746 2023 1968 2063 communi-

476 2101 611 2135 onem,
646 2085 713 2127 sed
750 2086 1008 2137 considerare,
1045 2102 1094 2129 an
1123 2087 1331 2141 episcopus
1367 2086 1430 2127 vel
1459 2085 1660 2141 presbyter
1688 2087 1752 2128 vel
1780 2086 1968 2129 diaconus

476 2153 525 2193 sit
554 2150 818 2203 orthodoxus3
847 2151 894 2193 ab
923 2153 978 2193 eis
1007 2153 1127 2203 enim,
1158 2152 1325 2207 quinon
1345 2151 1440 2193 tales
1459 2163 1561 2203 sunt,
1591 2164 1649 2193 est
1679 2151 1966 2195 declinandum.
1990 2173 2032 2203 25

586 2227 754 2269 XXVII.
791 2227 914 2278 Quod
948 2243 1027 2269 non
1063 2227 1250 2270 debemus
1279 2228 1317 2269 in
1347 2227 1552 2269 ecclesiam
1589 2228 1874 2269 haereticorum
1910 2230 1968 2269 in-

477 2305 591 2343 trare,
622 2307 723 2348 quae
750 2304 807 2334 est
836 2308 1040 2348 synagoga
1070 2292 1364 2334 interfectorum
1395 2292 1553 2334 Christi.

521 2459 598 2493 xw
621 2457 707 2502 (ις’).
730 2459 783 2494 ef.
807 2460 846 2494 c.
870 2461 910 2493 A.
933 2459 1004 2501 vu,
1027 2468 1166 2501 40—41.
1299 2459 1378 2493 xxl
1402 2456 1503 2502 (nd).
1527 2457 1579 2493 Cf.
1603 2459 1643 2493 c.
1666 2460 1706 2492 A.
1730 2459 1785 2499 111,
1812 2468 1851 2492 10
1874 2460 1969 2493 inser.

520 2514 614 2547 XVII
630 2511 717 2557 (ιζ’).
741 2513 928 2558 Capitulum
949 2513 1081 2548 liberius
1097 2524 1189 2547 com·
1300 2512 1392 2546 XXII
1415 2510 1519 2558 (κβ).
1543 2512 1596 2547 Cf.
1620 2513 1658 2547 C.
1681 2514 1722 2547 A.
1745 2514 1801 2555 111,
1825 2524 1856 2558 9.

477 2568 623 2612 positum
646 2573 706 2601 est.
751 2567 805 2602 Cf.
829 2567 867 2602 C.
892 2567 932 2601 A.
955 2568 1008 2610 111,
1035 2578 1090 2611 173
1119 2578 1188 2602 can.
1299 2568 1406 2601 XXIII
1440 2567 1540 2612 (κγ’).
1585 2568 1636 2602 Cf.
1672 2568 1710 2602 C.
1746 2569 1787 2602 A.
1821 2568 1877 2609 111,
1913 2577 1969 2609 203

475 2628 582 2666 apost.
610 2631 650 2664 50
671 2627 704 2655 et
728 2632 810 2666 quae
833 2621 994 2666 disputavi
1022 2622 1055 2655 in
1078 2621 1190 2655 Prole·
1256 2621 1342 2663 VIII,
1365 2622 1417 2655 28.

476 2676 639 2720 gomenis.
1301 2675 1411 2709 XXIV
1426 2673 1524 2719 (κδ’).
1548 2675 1599 2710 Cf.
1619 2676 1658 2710 C.
1676 2677 1717 2711 A.
1735 2676 1791 2717 VI,
1813 2686 1847 2718 15
1874 2677 1969 2709 inser.

520 2730 628 2764 XVIII
651 2726 741 2774 (ιη’).
764 2729 817 2763 Cf.
840 2729 879 2764 C.
903 2730 943 2764 A.
966 2729 1023 2770 111,
1049 2739 1097 2772 17.
1300 2729 1396 2763 XXV
1419 2727 1516 2774 (κε’).
1540 2730 1592 2764 Cf.
1616 2730 1655 2764 C.
1673 2731 1714 2763 A.
1736 2730 1791 2771 VI,
1812 2731 1851 2764 18
1874 2731 1969 2764 inser.

520 2783 599 2817 xlx
622 2780 717 2827 (ω’).
747 2783 798 2818 ef.
823 2784 862 2818 e.
885 2784 926 2818 A.
951 2784 1005 2826 111,
1033 2783 1081 2825 ιε,
1107 2793 1136 2818 2.
1163 2793 1190 2827 3.
1300 2784 1412 2817 xxvl
1430 2781 1526 2827 (κέ).
1544 2783 1595 2818 Cf.
1613 2784 1651 2818 e.
1669 2784 1710 2818 A.
1728 2784 1797 2824 vn,
1816 2785 1857 2818 28
1875 2784 1969 2818 inser.

520 2837 584 2871 XX
606 2835 683 2881 (κ’).
708 2837 761 2872 Cf.
785 2837 824 2872 C.
847 2838 888 2871 A.
912 2837 968 2879 ΙΙΙ,
996 2837 1043 2879 16,
1067 2848 1098 2879 4.
1301 2837 1427 2871 XXVII
1451 2834 1548 2881 (κζ’).
1572 2837 1624 2872 Cf.
1648 2839 1687 2872 C.
1710 2839 1751 2872 A.
1773 2839 1812 2881 11,
1836 2838 1888 2879 61,
1916 2848 1942 2871 1.
