2457 3436
884 392 1111 421 mmmmm
1140 392 1408 421 ANASTASIANA.
1840 381 1863 419 (3
1872 382 1890 420 l

397 487 562 543 ἔφαγεν,
601 489 670 530 καὶ
698 489 818 540 κρέας
851 489 919 529 καὶ
947 486 1060 536 οἶνος
1088 486 1168 529 ούκ
1194 488 1385 541 εἰσῆλθεν
1414 488 1471 535 εἷς
1498 486 1548 528 τὸ
1575 486 1706 539 στόμα
1734 485 1894 528 αὐτοῦ’(

397 553 475 609 (V,
504 565 571 604 20,
606 567 666 607 14.
701 551 784 607 ις.)

509 618 629 660 Μετὰ
655 618 698 659 δὲ
716 617 792 672 τὴν
811 620 1002 672 νηστείαν
1021 617 1177 672 ταύτην
1195 620 1332 659 πᾶσαν
1352 617 1527 670 τετράδα
1546 618 1614 658 καὶ
1632 616 1895 670 παρασκευὴν

397 682 713 736 προστάσσομεν
740 681 837 736 ὑμῖν
865 681 1075 736 νηστεύειν
1109 684 1177 724 καὶ
1210 682 1286 736 τὴν
1319 685 1552 734 περισσείαν
1579 681 1701 735 ὑμῶν
1727 688 1800 736 τῆς
1828 697 1895 736 νη-

398 750 535 798 στείας
561 749 733 802 πένησιν
760 747 1023 801 ἐπιχορηγεῖν.
1071 753 1157 788 πᾶν
1173 748 1313 800 μέντοι
1342 747 1549 798 σάββατον
1577 745 1675 788 ἄνευ
1704 752 1783 788 τοῦ
1802 745 1896 796 ἑνὸς
1918 755 1938 785 5

400 814 471 855 καὶ
495 818 636 855 πᾶσαν
663 812 862 866 κυριακὴν
889 813 1174 860 ἐπιτελοῦντες
1202 812 1403 861 συνόδους
1430 809 1716 864 εὐφραίνεσθε·
1755 811 1895 864 ἔνοχος

398 877 476 932 γὰρ
503 877 617 920 ἔσται
647 874 843 930 ἁμαρτίας
872 876 895 919 ὁ
916 877 993 932 τὴν
1011 877 1213 930 κυριακὴν
1234 876 1443 932 νηστεύων
1462 876 1724 924 ἀναστάσεως
1744 874 1896 930 ἡμέραν

401 938 544 993 οὖσαν,
575 940 599 997 ἢ
617 942 693 997 τὴν
711 942 991 996 πεντεκοστὴν
1010 940 1035 995 ἢ
1057 939 1164 990 ὅλως
1183 940 1336 996 ἡμέραν
1355 941 1498 996 ἑορτῆς
1516 944 1660 995 κυρίου
1678 946 1893 996 κατηφῶν·

402 1007 688 1061 εὐφρανθῆναι
715 1007 794 1061 γὰρ
821 1008 884 1049 δεῖ
908 1007 953 1049 ἐν
972 1004 1125 1057 αὐταῖς,
1155 1009 1223 1049 καὶ
1242 1003 1292 1049 οὗ
1309 1011 1517 1060 πενθῆσαι
1542 1007 1615 1060 (V,
1637 1019 1701 1057 20,
1728 1008 1785 1048 18.
1812 1007 1895 1061 19).

510 1072 567 1115 Al
594 1073 638 1114 δὲ
666 1081 846 1127 νηστεῑαι
874 1070 993 1125 ὑμῶν
1019 1072 1073 1126 μὴ
1103 1071 1287 1114 ἔστωσαν
1313 1071 1415 1125 μετὰ
1435 1077 1525 1113 τῶν
1542 1069 1800 1124 ὑποκριτῶν·
1828 1087 1896 1126 νη-

405 1137 595 1180 στεύουσι
622 1138 701 1191 γὰρ
728 1139 922 1191 δευτέραν
949 1139 1018 1179 καὶ
1035 1138 1224 1192 πέμπτην
1242 1139 1310 1179 καὶ
1331 1135 1549 1188 σάββατον,
1578 1135 1691 1190 ὑμεῖς
1709 1138 1752 1179 δὲ
1780 1133 1805 1192 ἢ
1823 1136 1897 1186 τὰς

402 1204 526 1245 πέντε
552 1202 766 1257 νηστεύετε
799 1201 949 1256 ἡμέρας
977 1200 1003 1256 ἢ
1031 1201 1204 1256 τετράδα
1231 1204 1299 1244 καὶ
1326 1201 1602 1255 παρασκευήν,
1638 1200 1704 1244 ὅτι
1737 1207 1791 1254 τῇ
1822 1204 1897 1255 μὲν

403 1266 566 1320 τετράδι
593 1265 619 1321 ἡ
647 1267 753 1309 κατὰ
782 1271 860 1309 τοῦ
887 1270 1031 1319 κυρίου
1059 1270 1188 1320 κρίσις
1213 1265 1297 1309 ὑπὸ
1318 1272 1409 1308 τῶν
1425 1264 1632 1309 Ἰουδαίων
1661 1265 1896 1320 ἐμελετήθη,

403 1338 453 1385 τῇ
480 1333 526 1373 δὲ
553 1337 804 1385 παρασκευῇ,
842 1330 906 1374 ὅτι
942 1334 986 1373 ἐν
1020 1328 1124 1385 αὐτῇ
1155 1333 1380 1374 πέπονθεν.
1437 1332 1488 1373 τὸ
1522 1331 1729 1382 σάββατον
1755 1332 1897 1385 μέντοι

403 1399 470 1439 καὶ
498 1397 577 1452 τὴν
605 1397 804 1451 κυριακὴν
831 1396 1052 1450 ἑορτάζετε,
1091 1394 1156 1439 ὅτι
1190 1397 1240 1439 τὸ
1269 1399 1344 1449 μὲν
1372 1398 1631 1451 δημιουργίας
1657 1397 1769 1438 ἐστὶν
1797 1395 1897 1438 ὑπό-

401 1477 551 1517 μνημα,
579 1460 605 1515 ἡ
635 1463 678 1503 δὲ
705 1461 975 1511 ἀναστάσεως.
1022 1462 1067 1503 ἓν
1087 1463 1129 1503 δὲ
1146 1462 1280 1514 μόνον
1300 1461 1507 1512 σάββατον
1534 1460 1630 1515 ὑμῖν
1650 1463 1895 1514 φυλακτέον,

404 1525 462 1576 ὡς
490 1528 659 1581 εἴρηται,
687 1526 732 1568 ἐν
762 1524 849 1579 ὅλῳ
876 1532 941 1579 τῷ
968 1527 1157 1579 ἐνιαυτῷ,
1186 1527 1237 1568 τὸ
1259 1533 1334 1581 τῆς
1353 1530 1429 1569 τοῦ
1449 1529 1592 1579 κυρίου
1620 1530 1763 1580 ταφῆς,
1795 1524 1897 1579 ὅπερ

403 1593 617 1646 νηστείειν
643 1595 862 1645 προσῆκεν,
893 1588 983 1633 ἀλλ’
1010 1589 1084 1645 οὐχ
1112 1590 1318 1645 ἑορτάζειν
1347 1591 1456 1646 (VII,
1487 1591 1573 1646 23).

514 1715 532 1745 1
558 1707 655 1749 οἶνος
677 1711 739 1744 καὶ
762 1710 870 1753 κρέας
892 1710 912 1743 b
933 1713 937 1752 Ι
958 1709 997 1745 ἐν
1018 1713 1070 1744 τῶ
1091 1708 1240 1753 στόματι
1258 1710 1279 1743 d
1295 1709 1342 1743 fv
1362 1713 1366 1752 Ι
1388 1715 1406 1744 3
1422 1707 1597 1753 τετράδην
1612 1710 1632 1743 b
1653 1713 1656 1751 Ι
1676 1714 1697 1744 6
1712 1713 1899 1749 τελοῦντες

404 1762 1115 1809 ἱρῦΙσύνοδονῑΟΙῚγὰρ>τΙ
1149 1761 1897 1807 ἔσταιτέστινῦ,>ᾱΙ9γὰρ>ἀΙ

406 1823 501 1862 lusu
526 1816 739 1861 νηστεύουσι
765 1816 835 1861 γάρ
858 1830 866 1851 :
890 1816 1024 1853 ἐκεῖνοι
1049 1816 1118 1861 γὰρ
1142 1830 1238 1861 νηστ.
1263 1831 1283 1851 ν
1303 1822 1308 1861 Ι
1330 1823 1366 1852 11
1394 1819 1433 1853 δὲ
1453 1822 1490 1859 -Ι-
1508 1816 1638 1858 ταύτας
1660 1818 1677 1851 f
1691 1817 1698 1862 Ι
1718 1816 1739 1861 ἢ
1758 1830 1764 1851 :
1784 1814 1860 1861 ἤτοι
1877 1818 1898 1859 f,

402 1878 447 1913 >
471 1884 492 1907 a
514 1884 535 1917 p
560 1872 591 1906 G
610 1873 617 1914 Ι
637 1876 736 1909 11112
760 1869 781 1915 ἢ
803 1870 867 1911 τὰς
891 1893 931 1899 -
954 1870 1187 1916 παρασκευὴν
1211 1885 1229 1905 ν
1253 1884 1300 1916 pr.
1324 1884 1368 1906 m.
1393 1874 1413 1906 i.
1436 1884 1480 1906 m.
1505 1885 1512 1906 z
1535 1871 1598 1912 τὰς
1620 1872 1685 1907 δύο
1710 1870 1898 1916 νηστεύετε

404 1924 542 1969 ἡμέρας
563 1923 717 1970 τετράδα
741 1928 803 1960 καὶ
818 1924 1053 1970 παρασκευὴν
1075 1939 1095 1959 ν
1119 1926 1139 1960 ἰ.
1154 1932 1176 1960 t.
1197 1928 1202 1968 Ι
1225 1931 1264 1960 12
1288 1924 1479 1970 νηστεύετε
1496 1940 1503 1960 :
1523 1924 1716 1970 νηστεύητε
1733 1927 1763 1967 d,
1786 1931 1830 1965 >
1847 1927 1869 1959 h
1893 1927 1897 1969 Ι

401 1978 557 2024 τετράόη
580 1981 688 2023 b113
711 1978 803 2014 κατὰ
826 1985 870 2019 >
895 1980 916 2013 d
935 1983 940 2022 Ι
962 1985 1002 2015 14
1025 1978 1066 2014 τὸ
1088 1985 1124 2020 -Ι-
1149 1981 1187 2015 «sk
1211 1992 1230 2014 a
1253 1981 1269 2014 f
1287 1992 1307 2025 p
1332 1992 1347 2014 r
1365 1984 1371 2022 Ι
1390 1981 1490 2023 paga-u
1514 1981 1534 2014 b
1554 1983 1559 2022 Ι
1581 1984 1621 2015 16
1643 1977 1756 2023 μόνον
1778 1985 1821 2020 >
1846 1981 1865 2013 b
1892 1981 1896 2024 Ι

402 2032 597 2079 σάββατον
611 2039 655 2074 >
672 2046 693 2067 v
711 2034 716 2077 Ι
737 2030 822 2076 ύμῖν
837 2031 1027 2077 σάββατον
1042 2046 1060 2067 a
1079 2037 1084 2077 Ι
1105 2031 1189 2076 ὑμῖν
1208 2039 1251 2074 >
1270 2036 1289 2067 b
1308 2036 1313 2077 Ι
1337 2039 1375 2069 17
1392 2038 1455 2070 τοῦ
1474 2040 1517 2075 >
1534 2036 1556 2068 h
1575 2036 1582 2075 Ι
1604 2039 1643 2069 18
1661 2032 1836 2078 προσήκει
1853 2047 1873 2068 ν
1893 2036 1897 2075 Ι

403 2087 474 2124 οὐκ
486 2091 514 2133 t}
525 2088 630 2123 codex
642 2089 662 2122 b
674 2087 862 2132 fragmento
875 2090 1054 2122 sectionem
1068 2089 1165 2130 addit,
1181 2099 1263 2133 quae
1276 2090 1457 2122 inscribitur
1470 2091 1547 2123 Τῶν
1558 2085 1674 2132 ἁγίων
1688 2087 1901 2124 ἀποστόλων

402 2145 489 2187 περὶ
515 2146 579 2186 τῆς
605 2138 712 2186 ἁγίας
739 2147 1032 2186 τεσσαρακοστῆς
1055 2145 1266 2177 διδασκαλία
1299 2149 1332 2176 et
1361 2143 1534 2177 manifeste
1564 2144 1724 2177 scholium
1748 2144 1900 2178 Graeculi

403 2196 574 2231 cuiusdem
593 2202 652 2230 est.
693 2197 863 2230 Erroribus
879 2197 1141 2241 orthographicis
1157 2197 1313 2231 correctis
1331 2198 1429 2231 verba
1447 2198 1529 2231 haec
1545 2205 1628 2231 sunt.
1663 2199 1738 2238 Πᾶς
1756 2200 1899 2242 Χριστι-

403 2249 491 2291 ανὸς
513 2249 578 2295 τὴν
599 2246 707 2294 ἁγίαν
734 2249 1029 2295 τεσσαρακοστὴν
1055 2255 1129 2285 τῶν
1157 2255 1333 2294 νηστειῶν
1362 2250 1426 2286 ἐὰν
1455 2248 1643 2296 ὂλοψύχως
1673 2250 1837 2295 νηστεύῃ,
1867 2252 1903 2286 εἰ

403 2308 467 2340 καὶ
491 2301 541 2345 ὥς
564 2301 759 2348 ἅνθρωπός
790 2317 822 2339 τι
844 2308 897 2351 τῷ
926 2304 1078 2350 ἐνιαυτῷ
1107 2305 1236 2351 ἐκείνῳ
1267 2304 1418 2350 ἐσφάλη,
1448 2306 1767 2350 συγχωρηθήσεται
1793 2303 1900 2351 αύτῷ.

404 2363 446 2403 τῇ
479 2360 518 2395 δὲ
542 2355 630 2406 ἁγίᾳ
653 2360 714 2393 καὶ
737 2357 877 2403 μεγάλῃ
903 2356 1076 2403 ἑβδομάδι
1104 2358 1200 2404 παρὰ
1229 2357 1347 2400 πάσας
1368 2363 1430 2403 τῆς
1452 2363 1744 2403 τεσσαρακοστῆς
1767 2355 1901 2403 ἡμέρας

404 2413 681 2458 ἀκριβεστέραις
699 2410 928 2456 φυλάξωμεν,
940 2412 999 2447 ἰ’να
1014 2412 1064 2456 μὴ
1083 2411 1320 2455 άπολέσωμεν
1334 2413 1398 2447 τὸν
1413 2411 1528 2447 κόπον
1542 2417 1615 2447 τῶν
1629 2411 1900 2455 τεσσαράκοντα

403 2470 468 2503 καὶ
497 2470 636 2510 μᾶλλον
673 2464 936 2511 ἐπαυξῆσωμεν
965 2465 1029 2507 τὰς
1063 2465 1206 2510 άρετάς,
1246 2467 1438 2510 ἐξαιρέτως
1472 2468 1510 2502 δὲ
1523 2473 1599 2507 ταῖς
1635 2464 1754 2511 ἁγίαις
1787 2470 1903 2511 τρισὶν

405 2519 571 2566 ἡμέραις,
598 2521 763 2566 πέμπτην
790 2524 852 2556 καὶ
879 2520 1114 2564 παρασκευὴν
1143 2524 1204 2556 καὶ
1233 2519 1433 2566 σάββατον,
1463 2524 1525 2556 καὶ
1549 2517 1569 2556 ὃ
1591 2522 1658 2564 μὲν
1688 2519 1821 2565 ἰσχύων
1842 2534 1901 2566 νη-

404 2573 552 2611 στεύσει
577 2575 620 2610 τά
644 2574 721 2618 δύο,
753 2574 987 2619 παρασκευὴν
1016 2578 1078 2610 καὶ
1101 2574 1302 2620 σάββατον,
1334 2576 1369 2610 εἰ
1396 2576 1434 2611 δὲ
1463 2573 1526 2619 μή,
1555 2574 1625 2610 κᾶν
1648 2574 1715 2615 ἕως
1739 2574 1901 2619 ἑσπέρας.

403 2625 496 2674 αὕτη
528 2624 594 2665 οὖν
617 2626 637 2673 ἧ
659 2628 801 2674 μεγάλη
826 2628 984 2673 ἑβδομὰς
1013 2626 1224 2673 ὑπερβαίνει
1256 2628 1319 2670 τὰς
1347 2628 1603 2673 παρελθούσας
1631 2627 1901 2673 τεσσαράκοντα

405 2681 558 2728 ἡμέρας·
580 2681 623 2718 τὸ
646 2684 685 2720 δὲ
707 2679 814 2728 ἅγιον
837 2686 898 2718 καὶ
920 2685 1037 2726 μέγαν
1054 2681 1243 2728 σάββατον
1265 2680 1491 2728 ὖψηλότερόν
1513 2683 1610 2719 ἐστιν
1633 2688 1704 2718 τῶν
1725 2682 1902 2726 τεσσαρά-

403 2751 515 2773 κοντα
539 2740 603 2772 καὶ
626 2741 699 2772 τῶν
720 2738 827 2773 πέντε
850 2742 915 2774 τοῦ
937 2736 1081 2800 πάθους
1103 2742 1166 2773 τοῦ
1190 2740 1316 2782 κυρίου
1341 2734 1502 2781 ἡμερῶν·
1532 2735 1615 2774 οὐδὲ
1646 2736 1713 2781 γὰρ
1738 2736 1901 2781 νηστεύει

403 2804 458 2832 τις
479 2788 578 2838 ἄλλῳ
603 2790 792 2838 σαββάτῳ,
818 2793 853 2828 εἰ
870 2791 918 2835 μὴ
936 2790 1051 2838 τούτῳ
1070 2796 1119 2838 τῷ
1135 2790 1299 2838 μεγάλῳ·
1323 2795 1385 2826 καὶ
1408 2792 1442 2827 οὶ
1465 2792 1532 2834 μὲν
1547 2790 1687 2836 άρχαῖσι
1708 2790 1776 2832 ε’ως
1792 2804 1903 2834 μεσο-

404 2849 552 2882 νυκτίου
576 2848 639 2910 κα1ὶ
662 2844 977 2891 ἀλεκτοροφωνίας
1000 2844 1205 2890 ἐνήστευον,
1236 2847 1270 2881 οι
1293 2847 1332 2881 δὲ
1357 2847 1430 2881 νέοι
1454 2842 1552 2889 ἅγιοι
1575 2847 1728 2890 πατέρες
1751 2844 1819 2886 ἕως
1841 2850 1904 2889 τῆς

403 2898 580 2945 τετάρτης
603 2895 699 2944 ἇῖρας
720 2904 783 2944 τῆς
805 2899 933 2941 νυκτὸς
957 2896 1093 2945 ω’ρισαν
1115 2899 1318 2944 νηστεύειν·
1350 2902 1411 2935 καὶ
1443 2899 1510 2944 γὰρ
1539 2900 1632 2942 μετὰ
1661 2898 1703 2934 τὸ
1725 2898 1900 2934 σκοτάσαι

1922 1081 1962 1110 lo

1923 1406 1961 1434 15»
