2457 3436
659 368 925 398 APos‘rommm
953 368 1035 406 vm,
1061 370 1093 407 8,
1116 369 1210 408 3-9‚
1234 370 1264 401 8.
1627 359 1707 398 485

452 477 462 504 ς
488 463 615 514 faciat,
652 464 716 518 qui
746 463 975 518 baptismate
1003 464 1138 506 initiati
1169 464 1207 505 in
1238 464 1383 506 Christi
1414 472 1586 506 mortem
1616 479 1704 506 cum

452 535 527 579 :ant
547 527 716 583 fiantque
736 529 942 584 participes
969 530 1081 582 regni
1111 530 1230 582 ipsius
1258 543 1302 571 ac
1322 530 1602 584 mysteriorum
1624 530 1707 571 eius

477 593 623 635 adunet
657 600 697 635 et
725 593 954 636 adnumeret
983 608 1052 635 eos
1081 608 1171 635 cum
1206 594 1264 644 iis,
1299 595 1365 648 qui
1399 594 1492 636 salvi
1520 593 1632 645 fiunt,
1665 596 1706 636 in

452 672 495 699 us
524 657 697 700 ecclesia.
748 671 783 711 3.
813 657 953 700 Adhuc
981 659 1131 700 intente
1160 672 1232 712 pro
1256 660 1311 699 eis
1340 672 1562 713 precemur:
1595 673 1707 700 serva

465 737 536 764 eos
569 723 610 763 in
644 723 766 776 gratia
799 729 877 764 tua.
932 737 972 776 4.
1010 722 1243 776 Consignati
1277 723 1366 764 Deo
1402 737 1470 777 per
1504 723 1704 765 Christum

454 795 563 829 antes
599 801 642 829 se
676 787 955 829 benedicantur
995 787 1042 829 ab
1077 789 1266 842 episcopo
1305 787 1374 829 hac
1412 787 1705 829 benedictione:

452 852 525 902 Qui
553 866 622 907 per
649 860 807 894 sanctos
836 852 1046 907 prophetas
1074 860 1164 894 tuos
1193 852 1414 907 praedixisti
1444 854 1512 903 eis,
1542 854 1608 908 qui
1635 853 1707 894 ini-

472 918 727 972 baptizantur:
758 917 977 967 Lavamini,
1014 918 1146 959 mundi
1173 925 1292 968 estote,
1329 925 1368 959 et
1402 931 1471 971 per
1506 918 1704 959 Christum

454 982 642 1024 iritualem
679 984 1037 1036 regenerationem:
1074 983 1157 1036 ipse
1191 996 1295 1023 nunc
1331 983 1448 1024 etiam
1483 983 1634 1036 respice
1667 983 1706 1023 in

452 1047 570 1088 indos
598 1055 636 1089 et
663 1046 828 1089 benedic
857 1048 912 1088 eis
942 1055 980 1089 et
1008 1046 1206 1088 sanctifica
1229 1061 1273 1088 ac
1302 1060 1496 1101 praepara,
1526 1055 1568 1089 ut
1597 1046 1706 1101 digni

452 1112 523 1153 uali
551 1111 660 1154 dono
689 1120 759 1154 tuo
793 1126 837 1153 ac
866 1126 955 1154 vera
982 1120 1048 1154 tua
1075 1111 1303 1167 adoptione,
1340 1113 1494 1167 tuisque
1529 1112 1706 1166 spiritua-

452 1178 549 1218 :eriis
583 1185 699 1232 atque
737 1178 1016 1231 aggregatione
1059 1191 1150 1219 cum
1188 1178 1256 1228 eis,
1295 1177 1360 1232 qui
1395 1177 1602 1227 salvantur,
1638 1191 1707 1232 per

453 1241 685 1283 salvatorem
724 1249 918 1291 nostrum,
955 1254 1023 1295 per
1062 1255 1179 1296 quem
1220 1241 1288 1282 tibi
1325 1240 1463 1295 gloria,
1501 1242 1632 1284 honor
1668 1250 1707 1284 et

465 1308 506 1348 in
540 1314 676 1348 sancto
711 1308 844 1361 spiritu
881 1308 920 1348 in
954 1306 1117 1357 saecula,
1152 1320 1281 1348 amen.
1340 1308 1377 1348 6.
1414 1307 1461 1348 Et
1496 1306 1596 1349 dicat
1629 1306 1707 1348 dia-

452 1373 513 1422 ite,
541 1372 606 1426 qui
635 1371 876 1413 illuminandi
908 1372 1011 1414 estis.

452 1444 472 1478 .t
501 1443 590 1490 post
619 1436 696 1478 hoc
717 1436 859 1478 edicat:
906 1448 942 1479 2.
973 1436 1109 1486 Orate,
1138 1436 1394 1490 paenitentes.
1442 1436 1595 1478 Intente
1621 1439 1706 1478 uni-

452 1501 623 1544 statribus
652 1502 796 1543 nostris
824 1502 866 1542 in
894 1502 1128 1556 paenitentia
1147 1501 1387 1543 versantibus
1416 1515 1635 1555 precemur,
1665 1510 1705 1542 ut

452 1568 510 1608 iae
537 1565 735 1608 studiosus
762 1566 871 1607 Deus
901 1566 972 1607 illis
1001 1565 1183 1608 ostendat
1212 1567 1312 1608 viam
1343 1566 1613 1621 paenitentiae,
1642 1566 1707 1607 ad-

452 1646 513 1673 um
542 1632 857 1673 retractationem
884 1639 999 1686 atque
1023 1630 1314 1672 confessionem
1344 1638 1383 1672 et
1410 1638 1574 1672 conterat
1600 1639 1706 1671 sata-

452 1696 577 1737 edibus
596 1710 723 1737 eorum
750 1696 923 1737 velociter
951 1695 1162 1750 liberetque
1190 1696 1277 1737 illos
1297 1710 1318 1737 a
1347 1695 1478 1750 laqueo
1506 1694 1649 1736 diaboli
1667 1703 1705 1737 et

457 1775 685 1811 aemonum,
713 1768 827 1815 atque
856 1762 962 1815 ipsos
982 1761 1116 1815 eripiat
1145 1760 1190 1802 ab
1217 1762 1328 1802 omni
1357 1775 1543 1802 sermone
1572 1759 1705 1801 illicito

452 1826 581 1868 ctione
608 1827 710 1880 turpi
740 1833 778 1868 et
807 1826 905 1867 mala
935 1826 1196 1880 cogitatione3
1241 1839 1274 1878 3.
1304 1824 1506 1867 condonet
1526 1838 1621 1878 vero
1652 1825 1706 1865 eis

452 1892 524 1932 icta
559 1905 699 1932 eorum
729 1890 943 1932 voluntaria
979 1891 1120 1945 pariter
1148 1905 1192 1932 ac
1230 1889 1486 1932 involuntaria
1514 1897 1553 1932 et
1585 1889 1707 1930 deleat

452 1970 530 1996 rum
554 1970 614 1997 eos
638 1964 718 1997 erat
737 1956 1039 2010 chirographum,
1069 1963 1107 1996 et
1127 1955 1316 1996 adscribat
1344 1968 1401 1996 eos
1421 1957 1459 1996 in
1479 1954 1575 1995 libro
1592 1956 1706 2004 vitae,

452 2069 503 2097 ,int
526 2064 566 2105 ei,
592 2064 645 2107 qui
661 2064 931 2096 catechumenatu
996 2073 1150 2096 numerus
1185 2063 1348 2106 praecisus
1381 2073 1453 2096 esse
1494 2063 1635 2105 videtur)
1677 2074 1706 2103 a,

453 2117 558 2151 ialiter
573 2118 612 2151 ad
632 2118 827 2161 baptismum
845 2118 930 2151 acci·
998 2114 1081 2160 εὐχὴ
1106 2120 1179 2150 τῶν
1193 2117 1469 2159 βαπτιζομένων
1486 2117 1516 2157 d,
1538 2120 1707 2160 χειροθε-

453 2172 702 2215 aeparabantur,
752 2172 930 2215 quibusque
997 2173 1057 2205 σΙα
1074 2170 1132 2205 ἐπὶ
1149 2173 1221 2204 τῶν
1233 2171 1489 2213 φωτιζομένων
1500 2183 1530 2204 v.
1545 2190 1584 2195 —-
1596 2170 1706 2204 Voces

452 2226 710 2271 rosolymitanus
741 2225 929 2258 catecheses
997 2222 1082 2268 εὐχὴ
1111 2230 1143 2258 et
1171 2227 1384 2268 χειροθεσία
1416 2234 1496 2269 ergo
1527 2225 1707 2258 secundum

452 2281 546 2313 rimas
563 2280 685 2313 habuit.
726 2279 866 2312 Zonaras
889 2279 929 2312 ad
995 2279 1080 2312 hanc
1103 2279 1348 2322 inscriptionem
1373 2280 1557 2323 promiscue
1572 2279 1705 2312 adhibe-

453 2333 588 2367 rllanum
605 2334 645 2376 78
663 2344 723 2367 eos
742 2330 827 2372 τοὺς
841 2331 930 2375 πρὸς
995 2334 1119 2374 bantur,
1147 2339 1179 2366 et
1208 2333 1251 2366 ita
1280 2333 1422 2366 adhiberi
1444 2337 1603 2376 poterant,
1633 2333 1706 2376 quia

461 2386 761 2430 ἓτοιμαζομὲνους
778 2386 929 2431 appellat,
995 2388 1100 2420 oratio
1124 2397 1199 2420 cum
1222 2397 1376 2420 manuum
1400 2387 1610 2430 impositione
1627 2396 1707 2419 con-

460 2447 556 2475 vetus
569 2442 653 2485 apud
665 2442 812 2475 Goarum
826 2452 856 2485 p.
870 2440 930 2485 196
995 2442 1102 2474 iuncta
1137 2446 1205 2474 erat
1240 2441 1290 2474 vel
1327 2441 1509 2473 orationem
1550 2450 1706 2472 manuum

453 2494 545 2539 πρὸς
567 2493 609 2529 τὸ
625 2492 791 2537 φώτισμα
808 2492 929 2537 eritve·
996 2495 1165 2539 impositio
1188 2495 1411 2528 comitabatur.

452 2549 493 2583 yel
507 2561 538 2593 p.
555 2558 612 2592 195
629 2555 661 2582 et
676 2558 734 2592 343
750 2547 931 2592 τοὺςπρὸς
1039 2549 1095 2582 ΙΧ.
1135 2546 1393 2591 Προσφώνησις
1431 2544 1521 2589 ὑπὲρ
1559 2549 1632 2580 τῶν
1669 2546 1709 2580 ἐν

487 2604 612 2636 Eorum
635 2602 782 2636 dimissio
805 2609 931 2647 praeter
995 2604 1168 2649 μετανοίᾳ
1197 2603 1261 2645 (>
1278 2613 1295 2635 a
1314 2602 1361 2644 d).
1408 2601 1523 2635 Oratio
1548 2610 1606 2644 pro
1631 2611 1706 2644 pae-

452 2669 480 2691 zs
508 2663 617 2701 apost.
640 2657 750 2690 locum
778 2658 876 2690 habet
898 2658 930 2689 in
997 2657 1183 2690 nitentibus.
1219 2675 1259 2681 —
1293 2655 1346 2689 Cf.
1377 2655 1548 2700 Chrysost.
1577 2654 1629 2688 De
1659 2655 1708 2687 in-

452 2722 524 2746 >aro
548 2723 580 2755 p.
601 2720 769 2755 192—200
791 2711 875 2745 edita
899 2716 931 2744 et
997 2721 1121 2755 compr.
1151 2710 1213 2743 Dei
1242 2716 1354 2743 natura
1383 2710 1473 2743 hom.
1502 2709 1556 2748 111,
1585 2718 1604 2752 7
1639 2709 1708 2752 (ed.

477 2766 596 2811 jacobi
612 2765 750 2809 syriaca,
772 2765 813 2799 cf.
829 2765 929 2799 Ham·
997 2766 1116 2799 Bened.
1152 2766 1176 2804 1,
1205 2767 1298 2807 47o);
1333 2765 1370 2797 ln
1399 2764 1513 2797 Matth.
1545 2763 1636 2797 hom.
1667 2773 1703 2806 71

452 2823 512 2864 ‚ries
540 2820 623 2862 1878
646 2830 677 2863 p.
701 2820 752 2862 65.
996 2831 1024 2853 c.
1047 2828 1067 2859 4
1090 2819 1179 2862 (VII,
1202 2817 1291 2862 699).

470 2875 528 2908 hic
545 2874 737 2907 inscribunt:
761 2871 851 2917 Εὐχὴ
868 2872 929 2917 (γ’,
997 2908 1008 2916 ,
1029 2870 1182 2916 zaraiam·
1190 2869 1327 2906 α’τόπου
1336 2869 1516 2915 πράξεως]
1524 2870 1575 2905 Cf.
1583 2881 1610 2905 c.
1622 2871 1708 2911 10,8.

1733 1055 1774 1086 10

1732 1378 1772 1410 15

1729 1702 1772 1733 20
