2457 3436
924 371 1192 401 Aposromnmr
1220 372 1285 408 vu,
1308 373 1360 410 32,
1386 375 1477 406 1—5.
1863 366 1942 405 423

555 467 727 508 XXXII.
768 467 814 508 In
851 467 996 509 ultimis
1030 468 1136 509 enim
1173 466 1308 509 diebus
1343 468 1698 523 multiplicabuntur
1736 469 1816 511 falsi
1853 485 1942 525 pro-

470 531 585 587 phetae
614 540 656 574 et
674 539 927 587 corruptores
955 533 1163 583 sermonis,
1192 539 1232 574 et
1259 541 1538 576 convertentur
1566 548 1662 577 oves
1691 536 1729 577 in
1759 536 1872 591 lupos
1902 545 1941 579 et

469 598 584 641 critas
616 598 659 639 in
695 596 852 649 odium;
894 612 985 639 nam
1026 597 1275 651 multiplicata
1313 598 1513 653 iniquitate
1552 600 1764 654 refrigescet
1801 603 1941 643 caritas

461 662 677 712 nullorum;
693 662 790 704 odio
811 663 916 704 enim
936 677 979 704 se
997 663 1166 704 invicem
1187 662 1382 705 habebunt
1401 663 1584 705 homines
1601 673 1639 706 et
1659 674 1940 721 persequentur

460 733 497 770 et
509 726 687 782 prodent.
737 739 776 769 2.
800 728 860 769 Ac
879 735 973 769 tunc
992 727 1189 782 apparebit
1208 727 1313 769 orbis
1333 728 1532 782 deceptor,
1556 730 1737 771 inimicus
1756 732 1938 782 veritatis,

459 800 719 848 propugnator
747 792 952 843 mendacii,
981 806 1098 848 quem
1121 792 1318 834 Dominus
1345 793 1452 835 Iesus
1479 795 1612 848 spiritu
1640 796 1715 836 oris
1736 796 1798 836 sui
1824 796 1938 836 inter-

454 854 557 911 ficiet,
583 859 652 913 qui
669 866 743 912 per
761 857 865 898 labia
890 858 1075 899 interimet
1103 858 1256 912 impium
1263 871 1281 907 ;
1309 866 1342 898 et
1370 858 1483 899 multi
1498 859 1722 916 scandalum
1743 861 1939 915 patientur

460 920 495 962 ἐι
521 937 582 972 e0;
615 924 684 978 qui
715 931 841 964 autem
867 923 1191 977 perseveraverint
1227 937 1339 978 usque
1373 925 1412 964 in
1437 922 1570 978 finem,
1607 924 1649 965 hi
1682 924 1785 965 salvi
1818 934 1938 966 erunt.

465 997 494 1040 3.
529 986 703 1042 Tuncque
737 987 930 1042 apparebit
962 989 1111 1042 signum
1146 986 1213 1028 filii
1248 987 1420 1029 hominis
1457 989 1495 1029 in
1532 988 1653 1039 caelo,
1688 989 1829 1031 deinde
1866 1004 1939 1031 vox

463 1051 556 1093 abac
588 1053 663 1094 erit
696 1066 767 1107 per
799 1052 1089 1106 archangelum,
1124 1059 1163 1094 et
1196 1052 1343 1094 interea
1377 1054 1609 1095 reviviscent
1644 1054 1708 1108 qui
1744 1054 1936 1096 obierunt.

465 1130 492 1170 4.
513 1117 561 1159 Et
586 1125 678 1159 tunc
705 1119 826 1158 veniet
853 1118 1041 1159 Dominus
1069 1131 1114 1159 ac
1142 1132 1266 1159 omnes
1291 1119 1414 1159 sancti
1439 1132 1523 1159 cum
1552 1133 1591 1159 eo
1618 1120 1657 1159 in
1685 1127 1809 1160 terrae
1836 1128 1936 1161 motu

461 1190 552 1238 :per
578 1183 696 1224 nubes
715 1196 806 1224 cuni
834 1182 981 1236 angelis
1001 1183 1150 1224 virtutis
1170 1196 1262 1224 suae
1290 1183 1329 1224 in
1350 1183 1451 1224 solio
1481 1184 1604 1237 regni,
1633 1191 1675 1225 ut
1695 1184 1937 1227 condemnet

461 1246 549 1290 urbis
587 1246 841 1302 deceptorem
883 1247 1079 1289 diabolum
1117 1256 1155 1290 et
1191 1248 1324 1289 reddat
1359 1249 1556 1303 unicuique
1588 1249 1788 1290 secundum
1826 1258 1935 1304 opera

458 1314 534 1354 ahs.
591 1325 630 1366 5.
660 1312 778 1354 Tunc
805 1312 961 1354 abibunt
988 1313 1087 1354 mali
1111 1313 1257 1367 quidem
1291 1314 1330 1354 in
1358 1321 1549 1354 aeternum
1579 1314 1813 1369 supplicium,
1850 1317 1939 1355 iusti

453 1386 569 1419 autern
603 1377 710 1418 ibunt
744 1379 784 1419 in
811 1379 930 1419 vitam
959 1386 1164 1428 aeternam,
1198 1377 1459 1420 hereditantes
1488 1393 1544 1429 ea,
1579 1393 1673 1433 quae
1709 1379 1837 1420 oculus
1864 1394 1936 1421 non

452 1442 538 1484 vidit
572 1451 607 1484 et
636 1444 742 1484 auris
767 1457 841 1484 non
867 1442 1015 1484 audivit
1042 1451 1077 1484 et
1111 1444 1150 1484 in
1178 1457 1242 1484 cor
1268 1443 1426 1485 hominis
1453 1458 1525 1484 non
1553 1444 1808 1494 ascenderunt,
1844 1458 1938 1500 quae

452 1509 688 1563 praeparavit
716 1508 823 1549 Deus
855 1510 913 1558 iis,
948 1509 1014 1563 qui
1045 1508 1208 1562 diligunt
1241 1508 1350 1549 illum
1357 1522 1375 1558 ,⁶
1410 1516 1447 1550 et
1480 1508 1703 1563 gaudebunt
1738 1510 1777 1550 in
1813 1523 1936 1563 regno

452 1570 536 1623 Dei,
565 1572 673 1628 quod
701 1581 760 1615 est
787 1573 827 1613 in
857 1573 1016 1615 Christo
1045 1573 1144 1615 Iesu.

556 1748 578 1779 4
599 1745 658 1779 Mt.
681 1754 733 1785 24,
759 1754 808 1780 12.
831 1765 872 1771 —
895 1748 917 1780 6
939 1746 968 1779 11
991 1745 1109 1780 Thess.
1134 1756 1164 1787 2,
1187 1747 1217 1780 8.
1241 1766 1280 1770 —
1307 1750 1324 1781 7
1349 1747 1410 1780 les.
1438 1757 1485 1787 11,
1504 1756 1534 1787 4.
1559 1766 1599 1770 -
1623 1751 1643 1780 8
1666 1747 1724 1780 Mt.
1750 1756 1800 1787 24,
1823 1757 1871 1781 10.
1896 1767 1934 1771 -—

453 1801 477 1832 9
501 1798 557 1831 Mt.
586 1807 635 1839 24,
662 1808 710 1842 ¹3-
747 1818 787 1823 —
824 1803 865 1834 10
894 1798 953 1833 Mt.
985 1808 1035 1839 24,
1061 1808 1109 1842 30.
1137 1809 1185 1842 31.
1222 1819 1263 1825 —
1300 1805 1335 1835 ιι
1366 1800 1380 1833 1
1405 1800 1522 1834 Thess.
1551 1809 1581 1841 4,
1615 1800 1662 1834 16.
1698 1819 1739 1826 —
1776 1805 1814 1834 12
1843 1801 1936 1835 Zach.

461 1861 506 1892 14,
530 1862 556 1894 5.
591 1872 629 1877 —
665 1857 704 1888 14
726 1853 784 1886 Mt.
810 1862 860 1894 24,
887 1862 943 1896 303
979 1852 1030 1894 26,
1052 1853 1103 1895 64.
1140 1872 1180 1879 —
1217 1857 1257 1889 15
1280 1854 1378 1888 Rom.
1403 1864 1433 1894 2,
1456 1853 1486 1888 6.
1522 1874 1560 1878 —
1599 1858 1638 1889 16
1661 1855 1719 1889 Mt.
1745 1864 1795 1897 25,
1818 1856 1870 1894 46.
1896 1875 1934 1879 —

463 1909 500 1941 18
518 1907 532 1940 1
553 1907 630 1941 Cor.
653 1916 682 1947 2,
703 1917 735 1951 9.

559 2071 578 2102 7
600 2065 726 2111 Ἰησοῦς
747 2074 792 2110 >
816 2069 837 2102 d
860 2080 879 2103 e
903 2080 937 2103 m
961 2081 982 2102 v
1002 2072 1007 2111 Ι
1027 2073 1105 2111 §mo
1128 2070 1163 2104 σῖ
1186 2090 1226 2094 -
1250 2067 1481 2113 σωθήσονται
1505 2081 1523 2104 a
1546 2071 1569 2104 h
1592 2070 1632 2104 cf.
1657 2071 1687 2104 D
1712 2083 1719 2105 :
1744 2067 1764 2105 ὃ
1787 2071 1825 2106 δὲ
1851 2069 1935 2106 ὑπο-

467 2123 574 2162 μείνας
595 2122 645 2163 εἰς
666 2135 695 2157 τ.
720 2117 827 2163 οὗτος
850 2120 1059 2167 σωθήσεται
1084 2124 1105 2157 d
1127 2136 1146 2158 e
1168 2136 1202 2157 m
1225 2137 1247 2157 v
1269 2124 1385 2157 Matth.
1405 2126 1411 2164 Ι
1440 2128 1479 2158 10
1501 2122 1542 2158 τὸ
1565 2131 1716 2168 σημεῖον
1738 2129 1801 2160 τοῦ
1826 2125 1903 2160 υἱοῦ
1927 2139 1934 2159 ;

468 2171 486 2208 ὃ
502 2174 570 2216 υἱὸς
589 2188 620 2210 m
643 2179 689 2220 νΙ
712 2181 777 2213 τσῦ
801 2177 883 2212 υἱοῦ
905 2182 950 2218 >
976 2178 996 2211 d
1021 2181 1027 2219 Ι
1054 2181 1093 2213 13
1117 2173 1212 2221 ἅγιοι
1239 2191 1245 2211 :
1270 2174 1419 2222 ἄγγελοι
1444 2189 1477 2211 m
1501 2191 1521 2210 v
1552 2181 1557 2220 Ι
1591 2183 1628 2213 17
1653 2180 1803 2214 αἰωνίαν
1826 2191 1858 2212 m
1883 2192 1901 2212 v
1929 2183 1932 2222 Ι

469 2226 597 2264 κόλασιν
616 2229 763 2266 αἰώνιον
777 2232 799 2265 d
820 2234 824 2274 ξ
847 2235 947 2273 17118
969 2229 1206 2274 πορεύσονται
1231 2238 1306 2277 post
1329 2229 1477 2266 αἰώνιον
1498 2233 1519 2266 d
1539 2235 1543 2274 Ι
1564 2237 1602 2268 21
1629 2237 1669 2277 τῇ·
1688 2245 1695 2268 :
1712 2238 1745 2267 a²
1768 2235 1787 2267 i.
1804 2245 1847 2266 m.
1873 2232 1936 2276 τὴν

471 2279 686 2329 ἆνεκλᾶλητον
704 2284 821 2330 χαράν

503 2553 626 2589 xxxu.
649 2553 849 2602 Πρόρρησις
870 2558 957 2600 περὶ
981 2560 1052 2591 τῶν
1073 2560 1157 2599 μελ-
1223 2558 1275 2597 εἰς
1298 2556 1381 2596 τοὺς
1404 2557 1553 2597 αἰῶνας·
1581 2556 1685 2601 ἀμήν.
1731 2558 1936 2592 Constitutor

473 2603 590 2644 λόνῐων.
633 2610 816 2645 Praedictio
839 2610 1034 2645 futurorum.
1223 2623 1297 2646 cum
1323 2612 1532 2645 Clementem
1555 2613 1648 2646 Alex.
1679 2613 1847 2656 cognitum
1878 2614 1935 2646 ha-

506 2671 529 2703 5.
552 2666 609 2698 καὶ
632 2662 850 2709 χαρήσονται
881 2664 923 2700 ἐν
949 2676 979 2699 τ.
1008 2669 1044 2709 β.
1067 2678 1097 2700 τ.
1121 2668 1157 2700 θ.
1223 2667 1325 2705 beret,
1356 2666 1438 2699 haec
1469 2667 1567 2700 verba
1597 2668 1625 2700 ei
1654 2667 1774 2700 debere
1798 2673 1934 2710 poterat.

475 2724 495 2747 τ.
515 2714 548 2750 ἐν
570 2719 633 2762 Χρ.
655 2717 780 2764 Ἰησοῦ]
815 2719 974 2753 Similiter
1001 2719 1157 2754 Clemens
1223 2721 1346 2764 Ropes,
1375 2721 1439 2753 Die
1469 2721 1603 2764 Sprache
1624 2722 1692 2764 jesu
1727 2722 1807 2764 1896
1840 2733 1870 2765 p.
1897 2731 1929 2755 21

476 2768 546 2805 Alex.
564 2772 718 2818 Protrept.
742 2784 772 2808 c.
799 2784 849 2814 10,
870 2782 915 2818 94
939 2784 970 2818 p.
988 2774 1027 2816 76
1050 2774 1157 2808 verbis
1222 2774 1338 2818 (Texte
1372 2775 1436 2806 und
1472 2774 1743 2818 Untersuchungen
1778 2776 1865 2815 XIV,
1900 2778 1935 2817 4)

477 2819 541 2857 Pwli
558 2826 688 2861 laudatis
709 2828 815 2862 addit:
848 2829 911 2862 καὶ
938 2825 1155 2871 χαρήσονται
1223 2835 1396 2872 utrumque
1420 2833 1586 2862 auctorem
1611 2839 1629 2861 e
1653 2830 1818 2862 communi
1845 2829 1935 2862 sonte

477 2873 518 2911 ἐπὶ
539 2883 574 2923 τῇ
599 2883 768 2929 βασιλείᾳ
798 2885 864 2918 τοῦ
886 2883 1016 2926 κυρίου
1037 2879 1157 2917 αὐτῶν
1221 2881 1370 2916 hausisse
1394 2889 1515 2916 censet.

1964 1061 2004 1092 10

1962 1383 2001 1415 15
