2457 3436
1031 282 1199 312 emortus
1228 283 1437 312 HIPPOLYTL
1820 272 1977 312 XXVII

501 375 728 403 concitationes
745 384 806 409 neg.
1567 378 1696 405 Cononem
1714 378 1860 412 Hippolyti

475 419 641 461 XXVII
826 426 879 460 De
901 427 1049 470 precibus
1072 428 1238 461 matutinis
1270 433 1303 461 et
1332 426 1471 461 ecclesia
1537 447 1585 453 —

870 480 1103 525 frequentanda

474 537 659 580 XXVIII
827 545 879 579 De
903 546 1095 579 eucharistia
1118 553 1193 580 ante
1212 546 1293 580 alios
1310 546 1401 580 cibos
1417 557 1471 580 su·
1489 541 1663 582 XXVIII

869 600 989 633 menda

478 657 622 699 XXIX
826 663 879 697 De
907 664 1100 698 eucharistia
1129 664 1302 709 diligenter
1329 665 1472 699 custodi·
1489 659 1640 710 XXIX,
1675 673 1688 700 1

870 719 953 752 enda

483 776 617 826 XXX,
653 789 754 818 1—2
825 783 886 816 De⁴
901 783 1001 816 calice
1025 794 1092 816 non
1115 783 1313 817 effundendo
1490 803 1538 809 —

486 840 617 892 XXX,
650 854 756 895 3—-4
826 847 877 881 De
886 847 1146 892 congregatione
1156 847 1300 882 fidelium
1309 848 1471 882 cotidiana
1489 843 1587 884 XXI

489 906 623 948 XXXI
825 912 876 946 De
900 913 1106 946 coemeteriis
1490 908 1640 958 XXIV,
1669 907 1882 959 2—XXV,
1918 922 1932 948 Ι

489 970 653 1021 XXXII,
678 984 808 1024 1—34
825 976 876 1011 De
894 977 983 1011 horis
1007 977 1119 1011 orandi
1489 973 1567 1014 XX
1574 973 1621 1024 V,
1651 972 1900 1023 2—XXV11,

1767 1038 1919 1089 XXIX,
1951 1051 1969 1091 3

491 1100 653 1151 XXXII,
670 1113 689 1154 3
697 1114 752 1153 5-
758 1101 807 1154 38
824 1106 1018 1140 Admonitio
1489 1103 1622 1144 XXIII

495 1190 536 1195 -
826 1171 877 1205 De
899 1171 976 1205 loco
992 1177 1106 1205 sancto
1130 1177 1163 1204 et
1179 1171 1360 1215 psalmodia
1378 1172 1471 1205 cleri-
1487 1168 1639 1217 XXIX,
1670 1180 1693 1209 2

868 1235 982 1259 corum

499 1308 539 1314 —
827 1290 877 1323 De
900 1290 1144 1323 catechumenis
1489 1286 1609 1328 XXX

501 1372 538 1378 —
824 1355 877 1388 De
892 1355 1127 1388 communione
1144 1365 1202 1398 per
1216 1355 1390 1388 diaconum
1406 1355 1470 1388 dis·
1487 1351 1626 1392 XXXI

867 1408 1035 1442 tribuenda

503 1491 539 1497 —
824 1473 876 1507 De
898 1473 1117 1507 oblationibus
1139 1473 1368 1506 distribuendis
1488 1469 1656 1520 XXXII,
1687 1481 1709 1509 2

825 1538 876 1571 De
899 1538 1218 1571 commemoratione
1234 1549 1293 1582 pro
1309 1538 1469 1571 defunctis
1487 1533 1674 1585 XXXIII,
1709 1547 1723 1575 1

504 1620 539 1627 —
824 1603 876 1636 De
897 1603 1100 1636 vestimentis
1116 1602 1308 1635 clericorum
1326 1603 1358 1635 in
1377 1613 1471 1636 sacro
1488 1598 1685 1640 XXXVII

868 1657 1049 1690 ministerio
1072 1656 1262 1690 adhibendis

503 1738 540 1745 —-
824 1721 876 1754 De
883 1721 1002 1764 vigiliis
1010 1726 1109 1754 nocte
1117 1721 1361 1754 resurrectionis
1370 1731 1471 1765 agen·
1489 1716 1703 1758 XXXVIII

866 1776 916 1809 dis
947 1781 981 1809 et
1002 1776 1043 1809 de
1073 1775 1130 1817 eis,
1161 1785 1243 1819 quae
1266 1775 1471 1809 Christianus

868 1829 976 1863 facere
999 1829 1098 1862 debet
1119 1835 1152 1862 et
1174 1829 1321 1873 inprimis
1350 1830 1386 1870 is,
1416 1830 1470 1873 qui

870 1883 1034 1927 perfectus
1057 1893 1130 1917 esse
1154 1883 1260 1917 studet

502 1555 538 1562 Ι

591 1943 810 1998 Scripturae
839 1957 935 1997 ergo
964 1951 1071 1997 parte
1099 1943 1228 1997 priore
1258 1943 1429 1984 eundem
1466 1943 1646 1985 ordinem
1675 1951 1832 1995 tenent;
1866 1952 1973 1998 parte

494 2009 702 2060 posteriore
730 2015 874 2059 autem,
903 2014 995 2063 post
1024 2022 1217 2049 canonem
1244 2008 1340 2048 XIX
1370 2008 1430 2048 vel
1460 2016 1575 2063 caput
1594 2008 1704 2059 XVI,
1733 2008 1844 2050 valde
1873 2009 1973 2051 inter

492 2086 527 2113 se
554 2071 771 2115 discedunt.
828 2073 944 2115 Ordo
974 2072 1314 2114 Constitutionum
1345 2074 1671 2127 aegyptiacarum,
1709 2087 1827 2127 quem
1856 2074 1971 2115 etiam

491 2135 784 2179 Testamentum
804 2137 969 2179 Domini
1000 2138 1125 2179 nostri
1154 2136 1280 2187 habet,
1312 2136 1412 2178 haud
1442 2136 1556 2178 dubie
1585 2138 1692 2192 prior
1723 2145 1793 2179 est.
1842 2139 1974 2193 Itaque

488 2202 653 2253 Achelis‚
688 2202 874 2244 Canones
903 2202 1122 2256 Hippolyto
1152 2203 1335 2244 Romano
1372 2202 1594 2244 adiudicans
1624 2216 1770 2256 eosque
1798 2202 1973 2245 turbatos

487 2275 521 2309 et
547 2267 823 2309 additamentis
850 2274 985 2309 auctos
1020 2267 1068 2309 ad
1104 2281 1179 2308 nos
1208 2268 1431 2321 pervenisse
1460 2281 1638 2316 censens,
1674 2268 1904 2321 scripturam
1933 2269 1972 2309 in

485 2331 664 2374 ordinem
689 2332 1030 2374 Constitutionum
1058 2331 1211 2386 redegit
1239 2339 1278 2373 et
1306 2331 1433 2385 plures
1463 2331 1665 2386 particulas
1694 2331 1849 2373 delevit.
1895 2328 1974 2375 Re-

483 2410 571 2438 vera
600 2396 722 2438 editio
751 2397 944 2451 princeps,
973 2404 1016 2438 ut
1043 2397 1119 2438 iam
1151 2396 1242 2446 dixi,
1271 2396 1497 2451 particulam
1517 2396 1608 2437 loco
1638 2397 1773 2450 inepto
1805 2396 1971 2439 exhibet.

483 2461 562 2503 Sed
589 2461 669 2503 hoc
696 2462 834 2503 vitium
865 2476 947 2503 non
977 2468 1127 2504 tantum
1150 2470 1221 2512 est,
1251 2469 1292 2502 ut
1312 2468 1460 2515 partem
1481 2462 1691 2515 scripturae
1711 2464 1971 2517 posteriorem

482 2534 607 2568 totam
646 2525 897 2569 disturbatam
936 2541 1021 2568 esse
1056 2534 1252 2581 putemus,
1291 2534 1329 2568 et
1365 2526 1485 2568 editio
1514 2525 1751 2577 Riedeliana,
1790 2541 1888 2581 quae
1923 2541 1972 2568 eo

482 2599 600 2642 caret,
635 2591 726 2632 satis
760 2590 858 2632 clare
894 2590 1023 2642 docet,
1058 2590 1237 2632 ordinem
1273 2591 1483 2633 Canonum
1521 2604 1602 2631 non
1638 2590 1687 2632 ad
1722 2590 1973 2633 traditionem

481 2657 670 2711 iniquam,
711 2654 780 2698 sed
813 2654 862 2698 ad
895 2655 1093 2698 arbitrium
1137 2656 1305 2697 auctoris
1343 2656 1554 2709 scripturae
1591 2654 1837 2696 referendum
1875 2670 1972 2697 esse.

481 2721 529 2762 Et
558 2721 590 2761 si
610 2735 672 2762 res
701 2722 752 2763 ita
779 2735 821 2762 se
843 2720 971 2771 habet,
1001 2720 1187 2762 Canones
1208 2720 1567 2762 Constitutionibus
1586 2718 1826 2774 posteriores
1846 2735 1973 2775 neque
2017 2742 2024 2749 ·

482 2785 702 2840 Hippolyto
730 2787 914 2828 Romano
943 2785 1175 2827 attribuendi
1202 2793 1304 2827 sunt.
