2457 3436
710 367 1022 399 coxsrmmosns
1049 368 1319 399 APOSTOLORUM
1348 370 1399 405 vl,
1429 371 1479 408 19,
1506 372 1598 403 1-3,
1822 361 1900 401 347

452 462 697 518 mrjxauw,
708 464 1011 513 καταλιπόντες
1022 463 1120 516 ὑμῖν
1131 472 1217 513 τοῖς
1228 463 1467 514 ἐπισκόποις
1477 467 1545 507 καὶ
1557 470 1716 514 λοιποῖς
1728 466 1901 519 ἱερεῦσιν

452 530 524 571 ’δε
558 529 641 582 τὴν
668 528 901 582 καθολικὴν
928 530 1191 571 διδασκαλίαν
1225 529 1349 581 ἀξίως
1375 532 1443 572 καὶ
1470 532 1638 580 δικαίως
1668 532 1726 580 εἰς
1751 531 1901 586 μνημό-

452 607 533 636 m
565 594 861 648 ἐπιστηρισμοῦ
892 603 983 643 τοῖς
1018 593 1306 637 πεπιστευκόσι
1342 599 1444 648 θεῷ,
1484 595 1806 649 διαπεμψάμενοι
1834 597 1901 639 διὰ

452 663 481 700 ὕ
498 662 822 712 ammovere&
840 658 958 713 ἡμῶν
977 659 1215 713 Κλήμεντος
1232 665 1313 702 τοῦ
1330 660 1583 702 πιστοτάτου
1599 663 1669 702 καὶ
1690 658 1901 713 ὁμοψύχου

452 738 555 766 σου
581 721 700 784 η’μῶν
719 724 767 766 ἐν
786 728 929 777 κυρίῳ,
958 723 1040 777 ἅμα
1067 726 1136 766 καὶ
1153 724 1350 784 Βαρνάβα
1367 728 1433 766 καὶ
1459 726 1646 778 Τιμοθέῳ
1672 729 1735 776 τῷ
1756 731 1900 767 ποθει-

452 787 574 842 τιέτῳ
610 789 688 841 νῷ
726 791 795 831 καὶ
831 789 990 843 Μάρκῳ
1027 795 1092 842 τῷ
1129 793 1297 849 Μσίῳ,
1335 790 1414 832 σὺν
1452 787 1513 837 οἶς
1549 792 1617 831 καὶ
1657 794 1775 832 Τίτον
1806 787 1901 844 ὑμῖν

452 856 658 907 ορίζομεν
684 856 753 896 καὶ
771 857 952 905 Δουκᾶν,
967 852 1135 897 'namot
1164 870 1208 896 τε
1230 857 1299 896 καὶ
1317 855 1501 897 Λούκιον
1522 857 1590 896 καὶ
1610 858 1899 907 Σωσίπατρον.

514 919 626 961 XIX.
663 918 726 960 Δι’
753 920 816 961 ὠν
849 923 916 960 καὶ
950 924 1269 972 παρακαλοῦμεν
1301 917 1405 972 ὑμᾶς
1432 922 1478 960 ἐν
1505 923 1648 972 κυρίῳ,
1677 920 1900 974 ἀπέχεσθαι

452 987 588 1033 nimie
600 987 821 1038 συνηθείας
831 988 899 1027 καὶ
913 986 1075 1038 δεσμῶν
1084 989 1284 1038 ματαίων,
1298 983 1551 1038 α’φορισμῶν,
1562 984 1899 1039 παρατηρήσεων,

452 1048 640 1102 μμάτων
671 1051 898 1102 διορισμοῦ,
931 1049 1227 1103 βαπτισμάτων
1260 1053 1572 1104 καθημερινοόν·
1608 1049 1689 1099 „the
1726 1048 1899 1102 α’ρχαῑα“

452 1112 492 1167 b
505 1117 758 1167 Ι,πιιρῆλθειῃ
787 1114 880 1156 ίδοὺ
897 1115 1064 1168 γέγονεν
1081 1114 1204 1156 καινὰ
1222 1114 1275 1156 τὰ
1293 1113 1459 1156 πάντα“
1513 1126 1535 1156 2
1556 1114 1711 1169 (XIX).
1731 1114 1902 1168 γνόντες

452 1176 607 1238 ἠ-
509 1177 609 1220 θεὸν
633 1178 701 1221 διὰ
721 1178 850 1233 Ἰησοῦ
869 1182 1051 1232 Χριστοῦ
1077 1180 1146 1221 καὶ
1163 1179 1245 1233 τὴν
1263 1179 1481 1232 σύμπασαν
1508 1177 1641 1221 αὐτοῦ
1663 1180 1900 1232 οἰκονομίαν

452 1246 591 1297 mbo
613 1245 894 1299 γεγενημένην,
918 1242 984 1286 ὅτι
1001 1245 1179 1286 δέδωκεν
1198 1243 1327 1296 νόμον
1345 1242 1509 1286 ἁπλοῦν
1532 1244 1587 1293 εἰς
1605 1244 1805 1303 Effluet·
1822 1249 1900 1286 τοῦ

452 1313 604 1368 Q,
631 1308 840 1361 καθαρόν,
874 1308 1094 1362 σωτήριον,
1128 1304 1259 1362 ἅγιον,
1292 1309 1338 1351 ἐν
1372 1304 1409 1362 ᾧ
1444 1311 1513 1351 καὶ
1545 1309 1595 1350 τὸ
1629 1310 1734 1350 ἴδιον
1769 1308 1901 1361 ὄνομα

452 1361 666 1426 μιτ-ἑῖετο,
703 1375 875 1420 τέλειον
915 1369 1141 1427 άνελλειπῆ,
1181 1375 1278 1416 δέκα
1313 1376 1465 1427 λογίων
1500 1372 1647 1428 πλήρη,
1690 1388 1899 1427 ηαμωμον,

452 1439 708 1492 medvana
735 1438 908 1492 mde‘ss
943 1434 1071 1491 οὗπερ
1099 1441 1167 1481 καὶ
1200 1438 1527 1491 ἐπιλαθομένους
1548 1437 1766 1490 Ἐβραίους
1798 1437 1900 1480 ὑπο·

452 1503 623 1557 nnicam
649 1503 718 1545 διὰ
736 1505 950 1556 Μαλαχίου
968 1508 1045 1545 τοῦ
1070 1503 1289 1557 προφήτου
1307 1505 1456 1557 λέγων·
1485 1503 1740 1558 ,,Μνήσθητε
1769 1503 1901 1556 νόμου

452 1569 561 1623 Ιωῆ,
597 1567 830 1622 ἀνθρώπου
863 1573 942 1610 τοῦ
976 1572 1096 1616 θεοῦ,
1134 1564 1180 1616 ὃς
1217 1568 1445 1610 ἐνετείλατο
1481 1566 1576 1620 ὑμῖν
1609 1567 1901 1621 προστάγματα

452 1633 496 1674 ud
517 1633 800 1687 δικαιώματα“.
861 1645 897 1686 3.
931 1628 977 1681 ὃς
1004 1632 1213 1675 τοσοῦτόν
1244 1633 1355 1675 ἐστιν
1390 1631 1504 1686 ἅγιος
1536 1634 1605 1674 καὶ
1639 1634 1808 1682 δίκαιος,
1843 1630 1902 1681 ὡς

452 1698 498 1738 σαὶ
518 1697 588 1740 τὸν
605 1698 774 1752 σωτῆρά
790 1712 907 1747 ποτε,
935 1697 1250 1750 θεραπεύσαντα
1268 1697 1420 1750 λεπρὸν
1438 1697 1512 1739 ἕνα
1537 1700 1603 1739 καὶ
1623 1697 1751 1757 πάλιν
1769 1697 1901 1747 ἐννέα,

452 1759 546 1804 εἰπεῖν
571 1767 633 1816 τῷ
663 1762 841 1815 πρώτῳ·
875 1765 1129 1817 »Πορευθεὶς
1157 1764 1290 1813 δεῖξον
1323 1763 1501 1804 σεαυτὸν
1526 1766 1589 1815 τῷ
1617 1762 1800 1816 ἀρχιερεῖ,
1834 1765 1902 1804 καὶ

452 1828 652 1881 προσένεγκε
670 1827 723 1870 τὸ
742 1829 893 1880 δῶρον,
913 1824 937 1869 ὃ
954 1828 1205 1880 προσέταξεν
1225 1831 1375 1881 Μωσῆς
1393 1828 1450 1876 εἰς
1471 1825 1698 1881 μαρτύριον
1717 1823 1900 1877 αὖτοῑςί,

453 1899 513 1940 τοῖς
532 1893 571 1935 δὲ
595 1894 714 1935 ἐννέα
732 1892 877 1934 πάλιν·
906 1893 1217 1944 ,,Πορευθέντες
1234 1893 1455 1944 ἐπιδείξατε
1482 1891 1652 1941 ἑαυτοὺς
1671 1901 1760 1941 τοῖς
1778 1892 1901 1952 ἱεραὶ

527 2003 545 2034 ⁶
564 2001 660 2034 Rom.
682 1999 731 2041 ¹6,
749 2009 800 2034 2¹.
826 2020 864 2024 -—
892 2004 933 2036 10
954 2000 984 2034 11
1000 2000 1079 2035 Cor.
1097 2010 1127 2043 ς,
1148 2010 1196 2043 17.
1221 2019 1261 2025 —-
1287 2004 1327 2035 13
1351 2001 1411 2034 les.
1428 2001 1459 2040 8,
1475 2009 1526 2034 20.
1551 2019 1591 2025 —
1618 2005 1655 2035 15
1674 2000 1726 2033 Ps.
1748 2000 1797 2040 18,
1813 2001 1843 2034 8.
1860 2020 1900 2025 -

453 2052 553 2089 17Mal.
574 2065 606 2096 4,
628 2055 661 2089 6.
687 2074 724 2078 -
750 2058 791 2089 21
814 2054 875 2088 Mt.
898 2055 929 2094 8,
951 2063 982 2095 4.
1007 2073 1047 2080 —
1070 2058 1113 2089 23
1135 2053 1213 2088 Luc.
1241 2064 1289 2098 17,
1316 2063 1365 2095 14.

527 2128 816 2174 Ιπεποιήκαμεν
843 2141 852 2164 2
881 2129 1137 2171 ἐπεστείλαμεν
1165 2130 1185 2163 b
1214 2140 1235 2163 o
1265 2134 1270 2170 Ι
1301 2133 1439 2170 λοιποῖς
1470 2141 1478 2163 :
1507 2135 1581 2169 τοῖς
1611 2132 1641 2163 λ.
1670 2130 1689 2162 b
1719 2130 1739 2162 d
1762 2140 1780 2163 e
1804 2140 1824 2163 o
1848 2141 1868 2173 p
1894 2132 1898 2172 j

452 2181 455 2206 ³
472 2182 713 2229 ἐκιοτηρισμοῦ
736 2195 756 2217 a
779 2185 800 2217 d
821 2194 841 2228 p
860 2196 880 2217 v
903 2196 912 2217 ε
935 2187 1061 2227 anmi·
1077 2194 1096 2217 e
1110 2184 1143 2223 h,
1165 2186 1266 2227 -γμιό
1283 2183 1303 2217 b
1318 2194 1351 2223 0,
1374 2183 1415 2217 cf.
1434 2194 1462 2217 c.
1483 2192 1532 2224 14,
1552 2194 1563 2217 1
1588 2187 1592 2224 Ι
1612 2181 1829 2218 πεπτωκώσι
1847 2194 1868 2217 o
1894 2192 1897 2226 j

452 2240 483 2275 1'8
500 2240 665 2280 τιμοθέου
688 2241 753 2274 τοῦ
774 2235 1040 2274 ποθεινοτάταν
1062 2237 1144 2272 νὶοῦ
1164 2238 1184 2271 b
1201 2248 1223 2271 o
1244 2239 1248 2279 Ι
1268 2240 1289 2272 6
1312 2233 1365 2275 οἶς
1381 2249 1389 2271 :
1406 2235 1451 2280 σὴ
1469 2248 1491 2271 o
1509 2239 1515 2280 Ι
1536 2241 1556 2272 7
1580 2235 1706 2271 ἰάσονα
1730 2248 1748 2270 a
1768 2241 1774 2279 Ι
1794 2240 1901 2271 σωσί-

452 2300 546 2337 &1004-
565 2304 587 2327 ο
606 2296 611 2334 ξ
630 2296 653 2328 9
674 2294 737 2327 καὶ
760 2297 806 2331 >
827 2303 847 2326 a
870 2292 890 2326 b
912 2303 934 2326 0
954 2295 959 2331 Ι
978 2293 1253 2335 παρατηρίσεως
1274 2303 1293 2324 a
1315 2302 1346 2332 o,
1370 2301 1445 2324 corr
1467 2296 1500 2324 ε’
1520 2295 1523 2332 Ι
1549 2295 1587 2326 10
1610 2290 1817 2334 διορισμοὺς
1840 2302 1858 2324 a
1882 2292 1901 2324 b

463 2347 543 2389 (cum
558 2347 771 2392 sequentibus
788 2347 1038 2388 constructum),
1062 2350 1161 2388 -μοῖς
1176 2355 1209 2385 ο,
1231 2348 1352 2387 -σμῶν
1367 2356 1387 2389 p
1408 2348 1413 2387 Ι
1436 2350 1471 2379 11
1493 2343 1562 2388 γὰρ
1578 2350 1622 2384 >
1640 2345 1659 2378 b
1675 2356 1696 2379 o
1717 2350 1720 2387 Ι
1744 2349 1783 2379 14
1799 2356 1903 2386 φυσι-

452 2404 486 2436 νῡ
505 2413 513 2436 :
535 2404 725 2445 γραφηκοῦ
749 2412 771 2435 ο
791 2404 795 2443 Ι
814 2403 865 2442 ξ16
886 2397 1079 2443 dunum?
1102 2410 1122 2433 a
1145 2399 1168 2433 b
1189 2409 1209 2433 e
1231 2399 1252 2433 h
1276 2411 1295 2433 v
1318 2399 1431 2443 (⁴159)
1454 2411 1462 2433 :
1486 2402 1586 2442 -λιπῆ
1610 2399 1631 2433 d
1651 2410 1673 2433 o
1698 2410 1717 2443 p
1736 2401 1740 2441 Ι
1763 2397 1903 2433 δώδεκα

464 2465 484 2489 ο
501 2458 507 2497 Ι
523 2459 554 2490 δ.
575 2457 712 2499 λογίων
733 2467 742 2488 :
765 2455 787 2488 d
804 2466 823 2489 e
839 2456 859 2488 i.
876 2465 921 2488 m.
937 2454 1049 2488 colore
1065 2454 1162 2487 rubro
1183 2452 1247 2488 τὸν
1270 2451 1382 2495 νόμον
1397 2451 1559 2496 δηλονότι
1581 2459 1585 2492 Ι
1605 2451 1741 2496 πλήρης
1763 2453 1783 2485 b
1807 2463 1825 2485 e
1849 2462 1869 2485 o
1896 2454 1899 2494 Ι

452 2511 462 2544 ³
480 2509 704 2553 ἐπιστρέφων
719 2509 740 2543 b
757 2519 777 2543 e
794 2519 816 2542 o
835 2511 842 2550 Ι
863 2512 955 2549 16117
978 2504 1204 2550 ὖπομνήσκει
1223 2508 1245 2541 d
1264 2509 1269 2550 Ι
1293 2511 1330 2542 17
1353 2509 1540 2550 Μαλαχιόυ
1557 2512 1601 2546 >
1617 2507 1639 2540 h
1666 2503 1784 2547 Ινόμω
1809 2506 1828 2538 b
1850 2515 1872 2539 o
1898 2510 1901 2548 j

452 2566 461 2597 Ι
479 2566 605 2607 μοῦσῆ
628 2565 649 2597 b
672 2574 695 2597 ο
717 2576 749 2603 v,
771 2563 925 2605 μωσέως
946 2563 969 2596 d
984 2574 1016 2607 p,
1038 2562 1215 2604 μωῦσέως
1230 2572 1250 2595 e
1269 2563 1273 2602 1
1294 2558 1478 2605 ἀνθρώπω
1496 2562 1515 2594 b
1536 2564 1541 2603 1
1563 2557 1610 2600 ὥς
1626 2571 1647 2594 0
1668 2565 1672 2602 Ι
1692 2564 1733 2594 21
1760 2558 1860 2594 εἶπεν
1875 2571 1903 2599 a,

452 2621 770 2661 “2²2226c300v
794 2621 832 2659 -1-
856 2617 967 2652 aovb
990 2618 1011 2650 d
1034 2618 1143 2658 0123
1166 2615 1268 2650 ἐννέα
1291 2621 1336 2655 >
1360 2617 1380 2648 b
1403 2626 1424 2649 ο

460 2725 488 2759 3.
510 2715 695 2750 Didascalia
716 2715 759 2750 de
782 2716 951 2750 sanatione
967 2714 1063 2748 unius
1078 2713 1124 2747 le-
1192 2724 1289 2759 quam
1313 2713 1417 2747 Lucas
1448 2722 1496 2755 17,
1523 2721 1648 2755 12——19
1676 2711 1785 2751 habet,
1815 2721 1906 2744 eam-

452 2770 502 2804 osi
517 2770 672 2815 loquitur,
687 2781 787 2815 quam
802 2775 933 2803 narrant
940 2769 1127 2802 Matthaeus
1193 2777 1257 2811 que
1272 2777 1347 2800 cum
1364 2766 1417 2799 illa
1433 2766 1588 2810 singulari
1604 2765 1706 2799 modo
1720 2765 1905 2808 permiscet.

455 2824 704 2865 2-4etLucas
719 2833 747 2867 5,
763 2832 898 2864 ¹2-14·
919 2823 1127 2857 Constitutor
1194 2840 1234 2848 —
1258 2826 1332 2860 τοῖς
1354 2821 1393 2855 δὲ
1416 2820 1535 2863 ἐννέα]
1558 2820 1637 2853 Luc.
1664 2829 1714 2862 17,
1736 2826 1774 2857 14
1797 2823 1906 2851 autem

452 2880 555 2923 iungit
577 2878 751 2912 historiam
774 2877 890 2912 decern
909 2877 1127 2922 leprosorum,
1193 2875 1357 2909 Dominus
1380 2874 1422 2908 ad
1444 2874 1561 2908 decem
1585 2878 1717 2907 sanatos
1741 2872 1893 2916 loquitur.

1925 1063 1965 1093 10

1927 1386 1965 1416 15

1924 1709 1967 1740 20
