2457 3436
969 394 1195 424 nucum-u
1223 394 1491 424 AuAsrAsuNA.
1921 384 1972 423 69

480 490 690 541 σάββατον
719 491 885 542 εἴπομεν
912 492 1169 545 δημιουργίας
1197 489 1324 544 λόγον
1350 489 1466 543 ἔχειν,
1495 489 1570 543 τὴν
1599 491 1641 531 δὲ
1661 490 1860 544 κυριακὴν
1880 488 1974 531 α’να-

480 554 675 604 στάσεως.
733 555 813 609 τὴν
840 557 883 597 δὲ
914 554 1093 609 μεγάλην
1121 554 1324 608 ἑβδομάδα
1355 560 1493 596 πᾶσαν
1526 557 1595 597 καὶ
1623 554 1699 609 τὴν
1725 554 1815 609 μετ’
1841 554 1972 609 αὐτὴν

481 618 748 673 α’ργείτωσαν,
778 617 843 662 ὅτι
868 618 893 673 ἡ
912 621 987 673 μὲν
1004 620 1171 669 πάθους
1198 620 1321 669 ἐστίν,
1349 618 1374 674 ἡ
1395 621 1438 662 δὲ
1465 616 1736 670 ἀναστάσεως,
1765 622 1835 662 καὶ
1859 623 1973 673 χρεία

481 686 756 735 διδασκαλίας,
790 688 851 733 τίς
886 683 909 726 ὁ
945 685 1102 726 παθὼν
1135 687 1204 726 καὶ
1237 683 1426 735 α’ναστάς,
1463 687 1526 733 τίς
1561 682 1584 725 ὁ
1615 684 1878 738 συγχωρήσας
1905 687 1970 726 καὶ

481 749 722 804 ἀναστήσας.
778 750 857 804 τὴν
889 748 1097 804 α’νάληψιν
1130 746 1381 803 ἂργείτωσαν
1418 750 1484 791 διὰ
1517 748 1567 791 τὸ
1600 751 1726 803 πέρας
1760 755 1834 803 τῆς
1866 749 1973 792 κατὰ

482 814 664 869 Χριστὸν
698 815 943 867 οἰκονομίας.
997 815 1072 869 τὴν
1102 814 1379 869 πεντεκοστὴν
1412 814 1663 868 ἄργείτωσαν
1699 814 1766 856 διὰ
1793 814 1869 868 τὴν
1897 829 1973 856 πα-

481 882 652 932 ρουσίαν
680 883 757 922 τοῦ
785 877 901 934 ἁγίου
928 880 1171 932 πνεύματος.
1217 880 1297 934 τὴν
1314 881 1529 933 γενέθλιον
1549 876 1799 933 ἇργείτωσαν
1828 879 1894 921 διὰ
1921 879 1972 921 τὸ

480 945 525 986 ἐν
553 941 659 997 αὐτῇ
687 948 937 999 γεννηθῆναι
965 944 1046 986 τὸν
1074 951 1151 987 τοῦ
1179 950 1285 987 θεοῦ
1312 944 1439 999 λόγον
1466 945 1512 986 ἐκ
1531 950 1606 998 τῆς
1623 946 1851 998 παρθένου.
1898 944 1974 998 τὴν

479 1009 702 1062 ἐπιφάνιον
741 1005 993 1063 ἇργείτωσαν
1032 1010 1099 1051 διὰ
1137 1009 1188 1052 τὸ
1220 1011 1266 1052 ἐν
1300 1006 1406 1063 αὐτῇ
1437 1006 1644 1061 ἀνάδειξιν
1676 1011 1867 1064 γενέσθαι
1900 1014 1974 1063 τῆς

480 1077 666 1129 Χριστοῦ
693 1074 896 1129 θεότητος
922 1073 1259 1129 μαρτυρήσαντος
1287 1071 1403 1127 αὐτῷ
1431 1079 1507 1116 τοῦ
1525 1074 1684 1127 πατρὸς
1712 1074 1757 1116 ἐν
1784 1079 1846 1128 τῷ
1873 1078 1973 1124 βαπ-

480 1142 642 1192 τίσματι
670 1141 738 1181 καὶ
765 1145 844 1181 τοῦ
861 1137 1126 1194 παρακλήτου
1145 1140 1190 1181 ἓν
1208 1141 1301 1182 ε’ἰόει
1318 1145 1558 1192 περιστερᾶς
1578 1136 1867 1191 ὑποδείξαντος
1886 1149 1975 1188 τοῖς

479 1209 717 1259 παρεστῶσι
744 1203 821 1246 τὸν
837 1206 1164 1258 μαρτυρηθέντα.
1211 1204 1286 1254 τὰς
1304 1202 1452 1259 ἡμέρας
1471 1208 1559 1246 τῶν
1577 1203 1825 1246 ἀποστόλων
1844 1202 1972 1257 α’ργεί-

479 1280 639 1310 τωσαν·
668 1268 909 1310 διδάσκαλοι
934 1269 1015 1323 γὰρ
1030 1267 1149 1322 ὑμῶν
1167 1271 1223 1318 εἰς
1242 1269 1425 1323 Χριστὸν
1443 1270 1635 1323 γεγόνασι
1654 1272 1723 1311 καὶ
1741 1269 1974 1322 πνεύματος

479 1330 598 1388 ἁγίου
627 1330 731 1388 ὑμᾶς
758 1329 950 1392 ἠξίωσαν.

589 1395 727 1451 Εὖχὰς
754 1398 971 1442 §navemn-s
1001 1398 1161 1452 ὄρθρου
1195 1401 1264 1440 καὶ
1291 1402 1408 1452 τρίτῃ
1436 1401 1504 1441 καὶ
1531 1398 1628 1452 ἕκτῃ
1657 1402 1722 1440 καὶ
1753 1399 1878 1451 ἐνάτῃ
1905 1401 1973 1440 καὶ

479 1462 653 1517 ἑσπέρας
689 1465 758 1506 καὶ
797 1461 1172 1518 ἀλεκτοροφωνίας·
1216 1462 1376 1517 ὄρθρου
1411 1466 1486 1517 μὲν
1520 1460 1868 1518 εὐχαριστοῦντες,
1906 1462 1973 1506 ὅτι

477 1526 682 1581 ἐφώτισεν
710 1525 812 1582 ἡμᾶς
838 1526 862 1571 ὃ
879 1528 1020 1582 κύριος
1039 1528 1289 1583 παραγαγών
1307 1529 1384 1582 τὴν
1402 1529 1534 1571 νύκτα
1561 1531 1630 1570 καὶ
1649 1529 1868 1582 ἐπαγαγὼν
1894 1529 1973 1583 τὴν

476 1592 652 1647 ἡμέραν·
681 1596 798 1647 τρίτῃ
826 1595 880 1644 δέ,
911 1590 975 1635 ὅτι
994 1593 1039 1635 ἐν
1058 1591 1164 1646 αὐτῇ
1182 1590 1393 1646 ἀπόφασιν
1421 1590 1503 1635 ἀπὸ
1520 1599 1599 1636 τοῦ
1619 1593 1800 1636 Πιλάτου
1828 1593 1973 1644 ἔλαβεν

479 1656 504 1701 ὅ
531 1657 694 1712 κύριος·
722 1657 819 1712 ἕκτῃ
847 1659 902 1709 δέ,
933 1656 999 1701 ὅτι
1026 1659 1072 1700 ἐν
1091 1659 1196 1712 αὐτῇ
1213 1659 1474 1714 ἐσταυρώθη·
1504 1659 1627 1712 ἐνάτῃ
1656 1660 1712 1709 δέ,
1743 1655 1807 1700 ὅτι
1834 1658 1971 1700 πάντα

476 1726 671 1778 κεκίνητο
698 1727 776 1766 τοῦ
794 1724 999 1766 δεσπότου
1025 1724 1337 1777 ἐσταυρωμένον
1364 1727 1591 1777 φρίττοντα
1610 1723 1687 1779 τὴν
1703 1724 1862 1777 τόλμαν
1882 1730 1971 1765 τοῦν

476 1790 690 1840 δυσσεβῶν
713 1786 948 1839 Ἰουδαίων,·
961 1789 1015 1843 μὴ
1045 1791 1225 1842 φέροντα
1252 1793 1329 1831 τοῦ
1357 1791 1501 1842 κυρίου
1526 1787 1603 1843 τὴν
1635 1787 1767 1842 ὕβριν·
1803 1787 1972 1842 ἑσπέρας

477 1855 521 1895 δὲ
541 1852 890 1906 εὔχαριστοῦντες,
921 1852 985 1897 ὅτι
1005 1855 1183 1896 δέδωκεν
1200 1851 1294 1907 ὑμῖν
1319 1850 1549 1896 ἀνάπαυσιν
1576 1859 1666 1896 τῶν
1683 1858 1972 1908 μεθημερινῶν

475 1920 628 1961 κόπων
664 1917 742 1974 τὴν
780 1918 928 1961 νύκτα·
971 1915 1259 1971 ἀλεκτρυόνων
1293 1920 1337 1960 δὲ
1371 1923 1524 1973 κραυγῇ
1560 1919 1627 1960 διὰ
1661 1919 1710 1962 τὸ
1747 1919 1821 1972 τὴν
1858 1917 1972 1972 ὥραν

476 1981 806 2037 εὐαγγελίζεσθαι
833 1984 914 2037 τὴν
939 1986 1168 2037 παρουσίαν
1196 1988 1267 2037 τῆς
1296 1981 1444 2037 ἡμέρας
1479 1985 1534 2033 εἰς
1563 1984 1752 2037 ἐργασίαν
1779 1989 1868 2026 τοῖν
1896 1987 1972 2025 τοῦ

475 2048 623 2101 φωτὸς
660 2047 804 2102 ἔργων.
861 2050 896 2091 εί
930 2048 986 2104 μὴ
1018 2048 1196 2091 δυνατὸν
1233 2049 1278 2090 ἐν
1317 2049 1508 2105 ἐκκλησίᾳ
1544 2050 1730 2102 προϊέναι
1773 2048 1839 2090 διὰ
1874 2048 1972 2097 τοὺς

591 2150 608 2181 1
633 2144 777 2189 ἐπέχειν
799 2147 830 2187 b,
853 2144 980 2189 ἐπέχεν
1002 2145 1019 2179 f
1034 2147 1038 2187 Ι
1059 2143 1145 2190 ἔχει,
1171 2142 1190 2189 ἡ
1214 2146 1253 2181 δὲ
1275 2144 1430 2189 κυριακὴ
1454 2151 1490 2190 p²
1509 2149 1513 2188 Ι
1533 2148 1555 2180 2
1578 2150 1699 2180 πᾶσαν
1716 2145 1790 2190 ὲβδ.
1806 2157 1826 2190 p
1847 2148 1853 2186 Ι
1873 2150 1892 2179 ὓ
1908 2144 1973 2189 τὴν

475 2211 494 2233 a
519 2199 538 2233 f
555 2210 578 2244 p
600 2210 618 2233 r
640 2199 671 2234 C
695 2211 703 2233 :
726 2200 846 2244 τρίτον
867 2197 933 2243 τὴν
955 2200 975 2233 b
990 2200 1011 2233 d
1028 2200 1057 2233 G
1077 2204 1083 2241 Ι
1103 2197 1193 2234 κατὰ
1211 2212 1218 2233 :
1236 2200 1288 2240 εἰς
1310 2200 1341 2234 G
1361 2203 1366 2244 Ι
1385 2203 1438 2236 5.ss
1461 2198 1553 2234 κατὰ
1570 2202 1635 2244 Χρ.
1653 2197 1719 2244 εχῧ
1738 2201 1759 2233 h
1779 2202 1785 2242 Ι
1804 2203 1825 2235 6
1847 2211 1972 2234 πει-τε·

475 2250 614 2297 armti·
636 2265 647 2288 ε
670 2257 691 2288 ft
712 2265 732 2288 a
754 2265 771 2287 r
788 2255 794 2296 Ι
814 2257 868 2291 617
890 2251 948 2288 διὰ
971 2251 1036 2297 τὴν
1056 2266 1092 2288 π.
1110 2273 1149 2279 -
1166 2251 1393 2298 ἆργείτωσαν
1408 2259 1450 2294 >
1470 2254 1501 2296 d,
1525 2255 1544 2288 i.
1563 2265 1606 2288 m.
1631 2253 1694 2297 τὴν
1709 2257 1868 2297 Χριστοῦ
1893 2254 1972 2297 γε’-ν-

476 2318 582 2351 νησιν
603 2305 832 2352 ἄργείτωσαν
853 2308 892 2342 d¹
909 2310 915 2349 Ι
934 2311 955 2343 8
980 2306 1070 2343 θεὸν
1092 2309 1112 2342 b
1134 2311 1139 2350 Ι
1157 2311 1219 2351 τῆς
1235 2311 1273 2350 -Ι-
1293 2304 1399 2351 ἁγίας
1413 2309 1434 2342 b
1455 2312 1458 2348 Ι
1478 2312 1531 2347 819
1547 2306 1589 2343 τὰ
1611 2306 1780 2350 ἐπιφάνια
1803 2308 1819 2340 f
1834 2311 1840 2349 Ι
1859 2311 1878 2342 9
1896 2307 1972 2342 ἐπι-

475 2358 612 2404 φᾶνιον
627 2372 650 2406 p
671 2361 713 2396 cf.
729 2361 848 2405 fragm.
862 2362 909 2395 Ix
934 2374 941 2396 :
965 2359 1134 2405 -φᾶνειον
1149 2373 1168 2395 a
1182 2374 1207 2404 r,
1230 2360 1400 2404 -φάνειαν
1422 2363 1442 2396 d
1458 2363 1479 2395 h
1496 2363 1537 2403 G,
1560 2360 1708 2405 -φάνιαν
1731 2363 1750 2395 b
1771 2364 1775 2403 Ι
1797 2362 1970 2405 γενέσθαι

475 2413 663 2457 αήἱδειξιν
685 2416 707 2449 b
723 2417 732 2458 Ι
749 2418 814 2460 τῆς
831 2418 868 2457 -Ι-
885 2419 950 2451 τοῦ
966 2416 997 2449 G
1012 2415 1053 2450 cf.
1070 2416 1098 2449 C
1118 2416 1122 2459 Ι
1146 2420 1186 2450 12
1206 2419 1405 2458 παρεστῶσι
1424 2416 1454 2449 G
1474 2418 1479 2459 Ι
1498 2419 1572 2450 τῶν
1589 2419 1626 2457 -Ι-
1645 2413 1759 2460 ἁγίων
1776 2416 1804 2450 G
1824 2417 1828 2456 Ι
1853 2420 1892 2450 13
1910 2418 1972 2450 καὶ

474 2465 1969 2515 >ῐΙ14ἧμᾶςρΙ15εὖχᾶς(πριῦτονεῦχὰςδ)1)ᾱῐΕς-Ι-δὲειίρῦΙ

474 2526 578 2569 τρίτῃ
600 2537 636 2560 κ.
659 2521 747 2569 ἕκτῃ
768 2536 804 2559 κ.
827 2521 934 2568 ἐνάτῃ
957 2536 973 2558 r
995 2524 1024 2559 C
1048 2536 1056 2558 :
1080 2522 1110 2568 γ’
1126 2526 1261 2569 (τρίτης
1277 2525 1314 2569 p)
1330 2537 1362 2559 x.
1379 2522 1404 2562 ς’
1429 2537 1462 2559 κ.
1479 2522 1513 2558 θ’
1537 2536 1556 2558 a
1581 2525 1596 2558 f
1614 2536 1646 2569 p,
1669 2526 1787 2568 τρίτης
1810 2537 1842 2559 κ.
1868 2522 1972 2567 ἕκτης

474 2591 510 2614 2.
532 2576 664 2622 ἐνᾶτης
685 2579 766 2622 (τῆς
782 2575 817 2613 θ’
840 2579 879 2622 b)
901 2579 922 2612 b
944 2579 966 2611 d
987 2579 1010 2612 h
1033 2579 1064 2613 G
1088 2576 1265 2622 (ἐννοὶτης)
1283 2582 1289 2620 Ι
1311 2582 1351 2614 16
1374 2576 1567 2622 οἷλεκτροφ.
1584 2590 1613 2620 a,
1637 2577 1851 2622 ἄλεκτρυοφ.
1877 2590 1892 2611 r
1908 2578 1938 2611 G
1964 2580 1969 2621 Ι

477 2628 800 2676 17ὖμᾶς1>ὴτΙ
831 2635 871 2668 18
898 2634 1308 2676 τρίτῃετρίτηναρτ,
1342 2633 1643 2676 τρίτηςὶνάὴῦ
1675 2635 1680 2675 Ι
1710 2632 1968 2676 τοῦ><16Ι

476 2690 519 2723 19
540 2684 667 2730 πόριος
692 2691 731 2728 -Ι-
756 2685 875 2730 leym
897 2686 917 2720 b
946 2690 953 2728 Ι
984 2684 1090 2731 ἕκτην
1117 2697 1137 2720 a
1159 2698 1190 2730 p,
1225 2684 1330 2730 ἕκτης
1357 2688 1376 2720 d
1400 2688 1422 2720 h
1451 2689 1456 2730 Ι
1486 2685 1635 2731 ἔνι-ἄτην
1663 2699 1681 2720 a
1705 2698 1735 2731 p,
1771 2684 1917 2730 ἐννιὲτης
1939 2688 1969 2727 d,

474 2738 603 2785 ἐνάτης
622 2741 647 2775 h
666 2743 673 2785 Ι
692 2744 738 2777 20
760 2738 946 2784 κεκίνηται
969 2741 991 2774 b
1010 2741 1016 2783 Ι
1035 2744 1076 2775 21
1101 2743 1293 2784 δυσσεβιῦι·
1314 2741 1345 2774 G
1367 2741 1388 2774 i.
1410 2752 1455 2774 m.
1479 2753 1486 2774 :
1510 2739 1730 2784 παρανόμων
1745 2741 1777 2775 G
1800 2742 1820 2775 i.
1838 2746 1860 2775 t.
1881 2743 1887 2783 Ι
1906 2744 1971 2775 τοῦ

474 2795 574 2835 >G
600 2798 607 2839 Ι
636 2799 684 2830 22
711 2790 1294 2839 ὖμΐνάἱιτῧτῆμῖνδῑρῦ
1327 2797 1331 2839 Ι
1361 2791 1632 2839 ἦμερινῶντῦ
1662 2799 1668 2835 Ι
1698 2799 1739 2830 23
1764 2793 1968 2830 νύκτανὺί

472 2853 631 2895 κραυγῆς
653 2849 677 2884 d
696 2850 723 2884 h
743 2851 750 2891 Ι
770 2843 873 2892 &aar
895 2851 933 2890 -Ι-
958 2847 1101 2893 ἐκείνην
1124 2849 1155 2883 G
1173 2851 1179 2891 Ι
1199 2853 1242 2884 24
1265 2851 1466 2892 παρουσίαν
1489 2862 1496 2883 :
1519 2851 1722 2893 παρρησίαν
1743 2850 1781 2882 h⁹
1805 2853 1810 2891 Ι
1839 2853 1881 2884 25
1905 2849 1939 2884 εἰ
1961 2861 1968 2882 :

472 2906 532 2939 καὶ
553 2905 591 2941 εί
608 2916 629 2939 a
651 2904 671 2939 s
689 2903 724 2939 G
743 2903 750 2948 Ι
771 2900 926 2938 δυνατὸν
948 2906 986 2946 -Ι-
1011 2903 1050 2938 δὲ
1072 2904 1094 2937 b
1112 2907 1119 2946 Ι
1137 2903 1323 2948 προσιέναι
1348 2904 1364 2936 f
1382 2915 1397 2937 r
1422 2904 1450 2938 G

1997 1085 2039 1115 10

1998 1408 2037 1438 15

1994 1732 2038 1762 20

1994 2052 2037 2085 2⁶
