<?xml version="1.0" encoding="UTF-8"?>
<!DOCTYPE html PUBLIC "-//W3C//DTD XHTML 1.0 Transitional//EN"
    "http://www.w3.org/TR/xhtml1/DTD/xhtml1-transitional.dtd">
<html xmlns="http://www.w3.org/1999/xhtml" xml:lang="en" lang="en">
 <head>
  <title>
</title>
<meta http-equiv="Content-Type" content="text/html;charset=utf-8" />
  <meta name='ocr-system' content='tesseract 3.04.00' />
  <meta name='ocr-capabilities' content='ocr_page ocr_carea ocr_par ocr_line ocrx_word'/>
</head>
<body>
  <div class='ocr_page' id='page_1' title='image "./didascaliaetcon00funkgoog/didascaliaetcon00funkgoog_0074.png"; bbox 0 0 2457 3436; ppageno 0'>
   <div class='ocr_carea' id='block_1_1' title="bbox 756 366 1952 413">
    <p class='ocr_par' dir='ltr' id='par_1_1' title="bbox 756 366 1952 413">
     <span class='ocr_line' id='line_1_1' title="bbox 756 366 1952 413; baseline 0.002 -10"><span class='ocrx_word' id='word_1_1' title='bbox 756 373 1074 404; x_wconf 66' lang='lat' dir='ltr'><strong><em>consrnunonns</em></strong></span> <span class='ocrx_word' id='word_1_2' title='bbox 1101 373 1370 404; x_wconf 60' lang='lat' dir='ltr'><strong><em>mosa-omnum</em></strong></span> <span class='ocrx_word' id='word_1_3' title='bbox 1399 376 1439 412; x_wconf 89' lang='lat'><strong><em>11,</em></strong></span> <span class='ocrx_word' id='word_1_4' title='bbox 1467 375 1589 413; x_wconf 77' lang='lat'>3—111‚</span> <span class='ocrx_word' id='word_1_5' title='bbox 1616 377 1647 409; x_wconf 83' lang='lat'><strong><em>5.</em></strong></span> <span class='ocrx_word' id='word_1_6' title='bbox 1927 366 1952 405; x_wconf 89' lang='lat'>9</span> 
     </span>
    </p>
   </div>
   <div class='ocr_carea' id='block_1_2' title="bbox 452 466 1950 1692">
    <p class='ocr_par' dir='ltr' id='par_1_2' title="bbox 452 466 1950 1692">
     <span class='ocr_line' id='line_1_2' title="bbox 452 466 1950 524; baseline 0.002 -14.014"><span class='ocrx_word' id='word_1_7' title='bbox 452 469 604 520; x_wconf 71' lang='grc' dir='ltr'><strong><em>ἰσομαι</em></strong></span> <span class='ocrx_word' id='word_1_8' title='bbox 643 469 724 511; x_wconf 79' lang='grc' dir='ltr'><strong><em>τὸν</em></strong></span> <span class='ocrx_word' id='word_1_9' title='bbox 751 468 909 522; x_wconf 74' lang='grc' dir='ltr'><strong><em>ἐχθρόν</em></strong></span> <span class='ocrx_word' id='word_1_10' title='bbox 933 485 1015 522; x_wconf 91' lang='grc' dir='ltr'><strong><em>μου</em></strong></span> <span class='ocrx_word' id='word_1_11' title='bbox 1042 467 1070 511; x_wconf 78' lang='grc' dir='ltr'><em>ἃ</em></span> <span class='ocrx_word' id='word_1_12' title='bbox 1094 485 1144 522; x_wconf 88' lang='grc' dir='ltr'><strong><em>με</em></strong></span> <span class='ocrx_word' id='word_1_13' title='bbox 1171 466 1371 524; x_wconf 84' lang='grc' dir='ltr'><strong><em>ἠδίκησεν,</em></strong></span> <span class='ocrx_word' id='word_1_14' title='bbox 1402 466 1488 512; x_wconf 79' lang='grc' dir='ltr'><strong><em>ἀλλ’</em></strong></span> <span class='ocrx_word' id='word_1_15' title='bbox 1520 469 1761 524; x_wconf 72' lang='grc' dir='ltr'><strong><em>ὑπόμεινον,</em></strong></span> <span class='ocrx_word' id='word_1_16' title='bbox 1791 471 1857 513; x_wconf 69' lang='grc' dir='ltr'><strong><em>ἵνα</em></strong></span> <span class='ocrx_word' id='word_1_17' title='bbox 1885 483 1950 513; x_wconf 89' lang='grc' dir='ltr'><strong><em>σοι</em></strong></span> 
     </span>
     <span class='ocr_line' id='line_1_3' title="bbox 452 532 1949 614; baseline 0.001 -38"><span class='ocrx_word' id='word_1_18' title='bbox 452 534 634 588; x_wconf 57' lang='grc' dir='ltr'><strong><em>βοηθήσῃ</em></strong></span> <span class='ocrx_word' id='word_1_19' title='bbox 663 532 688 576; x_wconf 78' lang='grc' dir='ltr'>ὁ</span> <span class='ocrx_word' id='word_1_20' title='bbox 711 533 856 586; x_wconf 75' lang='grc' dir='ltr'><strong><em>κύριος</em></strong></span> <span class='ocrx_word' id='word_1_21' title='bbox 878 536 948 576; x_wconf 72' lang='grc' dir='ltr'><strong><em>καὶ</em></strong></span> <span class='ocrx_word' id='word_1_22' title='bbox 968 535 1151 576; x_wconf 77' lang='grc' dir='ltr'><strong><em>ἐκδικίαν</em></strong></span> <span class='ocrx_word' id='word_1_23' title='bbox 1169 534 1350 589; x_wconf 77' lang='grc' dir='ltr'><strong><em>ἐπαγάγῃ</em></strong></span> <span class='ocrx_word' id='word_1_24' title='bbox 1370 539 1431 588; x_wconf 79' lang='grc' dir='ltr'><strong><em>τῷ</em></strong></span> <span class='ocrx_word' id='word_1_25' title='bbox 1451 534 1663 578; x_wconf 81' lang='grc' dir='ltr'><strong><em>α’δικοῦντί</em></strong></span> <span class='ocrx_word' id='word_1_26' title='bbox 1691 541 1774 578; x_wconf 69' lang='grc' dir='ltr'><strong><em>σε”.</em></strong></span> <span class='ocrx_word' id='word_1_27' title='bbox 1826 549 1861 614; x_wconf 85' lang='grc'><strong><em>3.</em></strong></span> <span class='ocrx_word' id='word_1_28' title='bbox 1881 540 1949 578; x_wconf 89' lang='grc' dir='ltr'><strong><em>καὶ</em></strong></span> 
     </span>
     <span class='ocr_line' id='line_1_4' title="bbox 457 595 1950 654; baseline 0.001 -14"><span class='ocrx_word' id='word_1_29' title='bbox 457 598 526 651; x_wconf 75' lang='grc' dir='ltr'><strong><em>γὰρ</em></strong></span> <span class='ocrx_word' id='word_1_30' title='bbox 549 599 682 640; x_wconf 82' lang='grc' dir='ltr'><strong><em>πάλιν</em></strong></span> <span class='ocrx_word' id='word_1_31' title='bbox 700 600 747 641; x_wconf 77' lang='grc' dir='ltr'><strong><em>ἐν</em></strong></span> <span class='ocrx_word' id='word_1_32' title='bbox 764 605 831 652; x_wconf 77' lang='grc' dir='ltr'><strong><em>τῷ·</em></strong></span> <span class='ocrx_word' id='word_1_33' title='bbox 852 595 1089 653; x_wconf 76' lang='grc' dir='ltr'><strong><em>Εὗαγγελὶῳ</em></strong></span> <span class='ocrx_word' id='word_1_34' title='bbox 1108 601 1230 653; x_wconf 79' lang='grc' dir='ltr'><strong><em>λέγει·</em></strong></span> <span class='ocrx_word' id='word_1_35' title='bbox 1260 595 1482 653; x_wconf 60' lang='grc' dir='ltr'><strong><em>,Ἆγαπᾶτε</em></strong></span> <span class='ocrx_word' id='word_1_36' title='bbox 1500 600 1600 649; x_wconf 85' lang='grc' dir='ltr'><strong><em>τοὺς</em></strong></span> <span class='ocrx_word' id='word_1_37' title='bbox 1618 601 1795 654; x_wconf 77' lang='grc' dir='ltr'><strong><em>ἐχθροὺς</em></strong></span> <span class='ocrx_word' id='word_1_38' title='bbox 1817 598 1950 654; x_wconf 83' lang='grc' dir='ltr'><strong><em>ὖμων,</em></strong></span> 
     </span>
     <span class='ocr_line' id='line_1_5' title="bbox 469 662 1949 719; baseline 0.001 -14"><span class='ocrx_word' id='word_1_39' title='bbox 469 669 587 712; x_wconf 76' lang='grc' dir='ltr'><strong><em>καλῶς</em></strong></span> <span class='ocrx_word' id='word_1_40' title='bbox 619 673 778 706; x_wconf 78' lang='grc' dir='ltr'><strong><em>ποιεῖτε</em></strong></span> <span class='ocrx_word' id='word_1_41' title='bbox 810 673 898 713; x_wconf 78' lang='grc' dir='ltr'><strong><em>τοῖς</em></strong></span> <span class='ocrx_word' id='word_1_42' title='bbox 930 669 1119 716; x_wconf 87' lang='grc' dir='ltr'><strong><em>μισοῦσιν</em></strong></span> <span class='ocrx_word' id='word_1_43' title='bbox 1152 662 1270 717; x_wconf 83' lang='grc' dir='ltr'><strong><em>ὑμᾶς,</em></strong></span> <span class='ocrx_word' id='word_1_44' title='bbox 1304 667 1379 706; x_wconf 74' lang='grc' dir='ltr'><strong><em>’καὶ</em></strong></span> <span class='ocrx_word' id='word_1_45' title='bbox 1412 665 1688 718; x_wconf 76' lang='grc' dir='ltr'><strong><em>προσεύχεσθε</em></strong></span> <span class='ocrx_word' id='word_1_46' title='bbox 1725 663 1828 719; x_wconf 81' lang='grc' dir='ltr'><strong><em>ὑπὲρ</em></strong></span> <span class='ocrx_word' id='word_1_47' title='bbox 1861 671 1949 708; x_wconf 82' lang='grc' dir='ltr'><strong><em>τῶν</em></strong></span> 
     </span>
     <span class='ocr_line' id='line_1_6' title="bbox 480 728 1949 784; baseline 0.001 -13"><span class='ocrx_word' id='word_1_48' title='bbox 480 729 764 784; x_wconf 68' lang='grc' dir='ltr'><strong><em>ἐπηρεαζόντων</em></strong></span> <span class='ocrx_word' id='word_1_49' title='bbox 790 728 894 783; x_wconf 81' lang='grc' dir='ltr'><strong><em>ὑμᾶς</em></strong></span> <span class='ocrx_word' id='word_1_50' title='bbox 922 732 991 772; x_wconf 80' lang='grc' dir='ltr'><strong><em>καὶ</em></strong></span> <span class='ocrx_word' id='word_1_51' title='bbox 1018 729 1280 771; x_wconf 79' lang='grc' dir='ltr'><strong><em>διωκόντων·</em></strong></span> <span class='ocrx_word' id='word_1_52' title='bbox 1310 732 1378 771; x_wconf 83' lang='grc' dir='ltr'><strong><em>καὶ</em></strong></span> <span class='ocrx_word' id='word_1_53' title='bbox 1407 729 1548 772; x_wconf 84' lang='grc' dir='ltr'><strong><em>ἔσεσθε</em></strong></span> <span class='ocrx_word' id='word_1_54' title='bbox 1576 731 1658 772; x_wconf 77' lang='grc' dir='ltr'><strong><em>υἱοὶ</em></strong></span> <span class='ocrx_word' id='word_1_55' title='bbox 1684 735 1763 773; x_wconf 86' lang='grc' dir='ltr'><strong><em>τοῦ</em></strong></span> <span class='ocrx_word' id='word_1_56' title='bbox 1790 731 1949 782; x_wconf 78' lang='grc' dir='ltr'><strong><em>πατρὸς</em></strong></span> 
     </span>
     <span class='ocr_line' id='line_1_7' title="bbox 487 792 1949 848; baseline 0.001 -12"><span class='ocrx_word' id='word_1_57' title='bbox 487 792 573 846; x_wconf 67' lang='grc' dir='ltr'><strong><em>ὑμῶν</em></strong></span> <span class='ocrx_word' id='word_1_58' title='bbox 597 799 674 836; x_wconf 85' lang='grc' dir='ltr'><strong><em>τοῦ</em></strong></span> <span class='ocrx_word' id='word_1_59' title='bbox 701 795 747 836; x_wconf 79' lang='grc' dir='ltr'><strong><em>ἐν</em></strong></span> <span class='ocrx_word' id='word_1_60' title='bbox 775 804 864 842; x_wconf 80' lang='grc' dir='ltr'><strong><em>τοῖς</em></strong></span> <span class='ocrx_word' id='word_1_61' title='bbox 894 794 1098 847; x_wconf 73' lang='grc' dir='ltr'><strong><em>οὐρανοῖς,</em></strong></span> <span class='ocrx_word' id='word_1_62' title='bbox 1138 793 1204 837; x_wconf 77' lang='grc' dir='ltr'><strong><em>ὅτι</em></strong></span> <span class='ocrx_word' id='word_1_63' title='bbox 1232 795 1309 836; x_wconf 86' lang='grc' dir='ltr'><strong><em>τὸν</em></strong></span> <span class='ocrx_word' id='word_1_64' title='bbox 1336 792 1453 848; x_wconf 81' lang='grc' dir='ltr'><strong><em>ἥλιον</em></strong></span> <span class='ocrx_word' id='word_1_65' title='bbox 1481 792 1613 837; x_wconf 79' lang='grc' dir='ltr'><strong><em>αὐτοῦ</em></strong></span> <span class='ocrx_word' id='word_1_66' title='bbox 1642 793 1854 837; x_wconf 77' lang='grc' dir='ltr'><strong><em>ἀνατέλλει</em></strong></span> <span class='ocrx_word' id='word_1_67' title='bbox 1881 797 1949 837; x_wconf 78' lang='grc' dir='ltr'><strong><em>ἐπὶ</em></strong></span> 
     </span>
     <span class='ocr_line' id='line_1_8' title="bbox 491 859 1947 913; baseline 0.001 -13"><span class='ocrx_word' id='word_1_68' title='bbox 491 861 658 912; x_wconf 70' lang='grc' dir='ltr'><strong><em>πονηροὺς</em></strong></span> <span class='ocrx_word' id='word_1_69' title='bbox 703 862 773 901; x_wconf 85' lang='grc' dir='ltr'><strong><em>καὶ</em></strong></span> <span class='ocrx_word' id='word_1_70' title='bbox 817 859 1005 913; x_wconf 78' lang='grc' dir='ltr'><strong><em>α’γαθούς</em></strong></span> <span class='ocrx_word' id='word_1_71' title='bbox 1041 862 1112 901; x_wconf 85' lang='grc' dir='ltr'><strong><em>καὶ</em></strong></span> <span class='ocrx_word' id='word_1_72' title='bbox 1149 862 1279 913; x_wconf 77' lang='grc' dir='ltr'><strong><em>βρέχει</em></strong></span> <span class='ocrx_word' id='word_1_73' title='bbox 1313 862 1380 901; x_wconf 82' lang='grc' dir='ltr'><strong><em>ἐπὶ</em></strong></span> <span class='ocrx_word' id='word_1_74' title='bbox 1418 862 1599 908; x_wconf 66' lang='grc' dir='ltr'><strong><em>δικαίους</em></strong></span> <span class='ocrx_word' id='word_1_75' title='bbox 1637 863 1705 902; x_wconf 82' lang='grc' dir='ltr'><strong><em>καὶ</em></strong></span> <span class='ocrx_word' id='word_1_76' title='bbox 1740 860 1947 908; x_wconf 68' lang='grc' dir='ltr'><strong><em>ἀδίκους“.</em></strong></span> 
     </span>
     <span class='ocr_line' id='line_1_9' title="bbox 496 915 1948 979; baseline 0 -12"><span class='ocrx_word' id='word_1_77' title='bbox 496 941 520 978; x_wconf 75' lang='lat'><strong><em>4.</em></strong></span> <span class='ocrx_word' id='word_1_78' title='bbox 537 928 781 978; x_wconf 69' lang='grc' dir='ltr'><strong><em>προσέχωμεν</em></strong></span> <span class='ocrx_word' id='word_1_79' title='bbox 801 921 891 975; x_wconf 81' lang='grc' dir='ltr'><strong><em>οὖν,</em></strong></span> <span class='ocrx_word' id='word_1_80' title='bbox 921 924 1138 979; x_wconf 71' lang='grc' dir='ltr'><strong><em>ἀγαπητοί,</em></strong></span> <span class='ocrx_word' id='word_1_81' title='bbox 1166 934 1256 974; x_wconf 71' lang='grc' dir='ltr'><strong><em>ταῖς</em></strong></span> <span class='ocrx_word' id='word_1_82' title='bbox 1275 927 1461 974; x_wconf 77' lang='grc' dir='ltr'><strong><em>ἐντολαῖς</em></strong></span> <span class='ocrx_word' id='word_1_83' title='bbox 1487 915 1669 975; x_wconf 68' lang='grc' dir='ltr'><strong><em>ταύταις,</em></strong></span> <span class='ocrx_word' id='word_1_84' title='bbox 1701 926 1768 967; x_wconf 70' lang='grc' dir='ltr'><strong><em>ἵνα</em></strong></span> <span class='ocrx_word' id='word_1_85' title='bbox 1796 927 1948 976; x_wconf 82' lang='grc' dir='ltr'><strong><em>,,τέκνα</em></strong></span> 
     </span>
     <span class='ocr_line' id='line_1_10' title="bbox 497 987 1333 1043; baseline 0.001 -13"><span class='ocrx_word' id='word_1_86' title='bbox 497 989 620 1041; x_wconf 51' lang='lat' dir='ltr'><strong><em>ymb&amp;</em></strong></span> <span class='ocrx_word' id='word_1_87' title='bbox 647 987 887 1043; x_wconf 78' lang='grc' dir='ltr'><strong><em>εὖρεθῶμεν</em></strong></span> <span class='ocrx_word' id='word_1_88' title='bbox 913 989 1167 1042; x_wconf 75' lang='grc' dir='ltr'><strong><em>πράσσοντες</em></strong></span> <span class='ocrx_word' id='word_1_89' title='bbox 1194 987 1333 1039; x_wconf 79' lang='grc' dir='ltr'><strong><em>αὐτάς.</em></strong></span> 
     </span>
     <span class='ocr_line' id='line_1_11' title="bbox 571 1051 1944 1109; baseline 0 -13"><span class='ocrx_word' id='word_1_90' title='bbox 571 1054 624 1096; x_wconf 90' lang='lat'>111.</span> <span class='ocrx_word' id='word_1_91' title='bbox 659 1054 890 1107; x_wconf 75' lang='grc' dir='ltr'><strong><em>Βαστάζετε</em></strong></span> <span class='ocrx_word' id='word_1_92' title='bbox 917 1051 1005 1103; x_wconf 80' lang='grc' dir='ltr'><strong><em>οὖν,</em></strong></span> <span class='ocrx_word' id='word_1_93' title='bbox 1034 1055 1074 1096; x_wconf 75' lang='grc' dir='ltr'><strong><em>οἱ</em></strong></span> <span class='ocrx_word' id='word_1_94' title='bbox 1101 1056 1243 1098; x_wconf 89' lang='grc' dir='ltr'><strong><em>δοῦλοι</em></strong></span> <span class='ocrx_word' id='word_1_95' title='bbox 1272 1057 1341 1097; x_wconf 82' lang='grc' dir='ltr'><strong><em>καὶ</em></strong></span> <span class='ocrx_word' id='word_1_96' title='bbox 1368 1055 1451 1097; x_wconf 77' lang='grc' dir='ltr'><strong><em>υἱοὶ</em></strong></span> <span class='ocrx_word' id='word_1_97' title='bbox 1479 1059 1554 1097; x_wconf 86' lang='grc' dir='ltr'><strong><em>τοῦ</em></strong></span> <span class='ocrx_word' id='word_1_98' title='bbox 1581 1059 1695 1104; x_wconf 82' lang='grc' dir='ltr'><strong><em>θεοῦ,</em></strong></span> <span class='ocrx_word' id='word_1_99' title='bbox 1726 1054 1944 1109; x_wconf 77' lang='grc' dir='ltr'><strong><em>ἀλλήλους·</em></strong></span> 
     </span>
     <span class='ocr_line' id='line_1_12' title="bbox 504 1116 1944 1175; baseline 0.001 -15"><span class='ocrx_word' id='word_1_100' title='bbox 504 1131 527 1160; x_wconf 85' lang='lat'><strong><em>2.</em></strong></span> <span class='ocrx_word' id='word_1_101' title='bbox 548 1117 566 1160; x_wconf 82' lang='grc' dir='ltr'>ὁ</span> <span class='ocrx_word' id='word_1_102' title='bbox 588 1121 653 1171; x_wconf 77' lang='grc' dir='ltr'><strong><em>μὲν</em></strong></span> <span class='ocrx_word' id='word_1_103' title='bbox 678 1116 784 1175; x_wconf 71' lang='grc' dir='ltr'><strong><em>ἀνὴρ</em></strong></span> <span class='ocrx_word' id='word_1_104' title='bbox 811 1119 888 1173; x_wconf 82' lang='grc' dir='ltr'><strong><em>τὴν</em></strong></span> <span class='ocrx_word' id='word_1_105' title='bbox 921 1129 1106 1173; x_wconf 75' lang='grc' dir='ltr'><strong><em>γυναῖκα,</em></strong></span> <span class='ocrx_word' id='word_1_106' title='bbox 1139 1120 1194 1173; x_wconf 76' lang='grc' dir='ltr'><strong><em>μὴ</em></strong></span> <span class='ocrx_word' id='word_1_107' title='bbox 1225 1118 1488 1173; x_wconf 70' lang='grc' dir='ltr'><strong><em>ὑπερήφανος</em></strong></span> <span class='ocrx_word' id='word_1_108' title='bbox 1520 1120 1619 1173; x_wconf 75' lang='grc' dir='ltr'><strong><em>μηδὲ</em></strong></span> <span class='ocrx_word' id='word_1_109' title='bbox 1647 1119 1824 1172; x_wconf 78' lang='grc' dir='ltr'><strong><em>ἀλαζών,</em></strong></span> <span class='ocrx_word' id='word_1_110' title='bbox 1859 1117 1944 1161; x_wconf 77' lang='grc' dir='ltr'><strong><em>ἀλλ’</em></strong></span> 
     </span>
     <span class='ocr_line' id='line_1_13' title="bbox 505 1180 1946 1241; baseline 0.001 -16"><span class='ocrx_word' id='word_1_111' title='bbox 505 1183 741 1237; x_wconf 72' lang='grc' dir='ltr'><strong><em>εὔσπλαγχνος,</em></strong></span> <span class='ocrx_word' id='word_1_112' title='bbox 771 1183 1056 1237; x_wconf 71' lang='grc' dir='ltr'><strong><em>εὐμετάδοτος,</em></strong></span> <span class='ocrx_word' id='word_1_113' title='bbox 1084 1189 1136 1237; x_wconf 80' lang='grc' dir='ltr'><strong><em>τῇ</em></strong></span> <span class='ocrx_word' id='word_1_114' title='bbox 1153 1186 1236 1241; x_wconf 79' lang='grc' dir='ltr'><strong><em>ἰδίᾳ</em></strong></span> <span class='ocrx_word' id='word_1_115' title='bbox 1253 1186 1415 1238; x_wconf 80' lang='grc' dir='ltr'><strong><em>γυναικὶ</em></strong></span> <span class='ocrx_word' id='word_1_116' title='bbox 1432 1185 1565 1236; x_wconf 85' lang='grc' dir='ltr'><strong><em>μόνον</em></strong></span> <span class='ocrx_word' id='word_1_117' title='bbox 1588 1183 1838 1237; x_wconf 87' lang='grc' dir='ltr'><strong><em>βουλόμενος</em></strong></span> <span class='ocrx_word' id='word_1_118' title='bbox 1858 1180 1946 1237; x_wconf 79' lang='grc' dir='ltr'><strong><em>ἀρέ-</em></strong></span> 
     </span>
     <span class='ocr_line' id='line_1_14' title="bbox 506 1249 1948 1304; baseline 0 -14"><span class='ocrx_word' id='word_1_119' title='bbox 506 1261 579 1290; x_wconf 72' lang='grc' dir='ltr'><strong><em>σκειν</em></strong></span> <span class='ocrx_word' id='word_1_120' title='bbox 602 1252 663 1291; x_wconf 81' lang='grc' dir='ltr'><strong><em>καὶ</em></strong></span> <span class='ocrx_word' id='word_1_121' title='bbox 695 1249 854 1304; x_wconf 72' lang='grc' dir='ltr'><strong><em>ταύτην</em></strong></span> <span class='ocrx_word' id='word_1_122' title='bbox 893 1250 1134 1291; x_wconf 76' lang='grc' dir='ltr'><strong><em>κολακεύειν</em></strong></span> <span class='ocrx_word' id='word_1_123' title='bbox 1175 1250 1361 1303; x_wconf 79' lang='grc' dir='ltr'><strong><em>ἐντίμως,</em></strong></span> <span class='ocrx_word' id='word_1_124' title='bbox 1403 1250 1650 1301; x_wconf 78' lang='grc' dir='ltr'><strong><em>σπουδάζων</em></strong></span> <span class='ocrx_word' id='word_1_125' title='bbox 1689 1251 1948 1301; x_wconf 84' lang='grc' dir='ltr'><strong><em>καταθύμιος</em></strong></span> 
     </span>
     <span class='ocr_line' id='line_1_15' title="bbox 453 1311 1947 1369; baseline 0.001 -16"><span class='ocrx_word' id='word_1_126' title='bbox 453 1317 455 1320; x_wconf 85' lang='grc'><strong>“</strong></span> <span class='ocrx_word' id='word_1_127' title='bbox 509 1311 573 1354; x_wconf 69' lang='grc' dir='ltr'><strong><em>εἶναι</em></strong></span> <span class='ocrx_word' id='word_1_128' title='bbox 596 1311 701 1367; x_wconf 71' lang='grc' dir='ltr'><strong><em>αὐτῇ,</em></strong></span> <span class='ocrx_word' id='word_1_129' title='bbox 757 1314 854 1369; x_wconf 92' lang='lat'>(111)</span> <span class='ocrx_word' id='word_1_130' title='bbox 890 1314 944 1368; x_wconf 82' lang='grc' dir='ltr'><strong><em>μὴ</em></strong></span> <span class='ocrx_word' id='word_1_131' title='bbox 979 1315 1338 1368; x_wconf 72' lang='grc' dir='ltr'><strong><em>καλλωπιζόμενος</em></strong></span> <span class='ocrx_word' id='word_1_132' title='bbox 1379 1317 1435 1364; x_wconf 84' lang='grc' dir='ltr'><strong><em>εἰς</em></strong></span> <span class='ocrx_word' id='word_1_133' title='bbox 1474 1315 1526 1357; x_wconf 88' lang='grc' dir='ltr'><strong><em>τὸ</em></strong></span> <span class='ocrx_word' id='word_1_134' title='bbox 1563 1314 1816 1368; x_wconf 76' lang='grc' dir='ltr'><strong><em>α’γρευθῆναί</em></strong></span> <span class='ocrx_word' id='word_1_135' title='bbox 1852 1330 1947 1356; x_wconf 85' lang='grc' dir='ltr'><strong><em>τινα</em></strong></span> 
     </span>
     <span class='ocr_line' id='line_1_16' title="bbox 510 1377 1945 1433; baseline 0.001 -15"><span class='ocrx_word' id='word_1_136' title='bbox 510 1377 603 1429; x_wconf 73' lang='grc' dir='ltr'><strong><em>ἑτέραν</em></strong></span> <span class='ocrx_word' id='word_1_137' title='bbox 624 1380 685 1421; x_wconf 78' lang='grc' dir='ltr'><strong><em>ἐπὶ</em></strong></span> <span class='ocrx_word' id='word_1_138' title='bbox 703 1383 781 1421; x_wconf 89' lang='grc' dir='ltr'><strong><em>σοί.</em></strong></span> <span class='ocrx_word' id='word_1_139' title='bbox 833 1392 868 1432; x_wconf 90' lang='grc'><strong><em>3.</em></strong></span> <span class='ocrx_word' id='word_1_140' title='bbox 897 1381 977 1422; x_wconf 75' lang='grc' dir='ltr'><strong><em>εἴτε</em></strong></span> <span class='ocrx_word' id='word_1_141' title='bbox 1001 1379 1080 1433; x_wconf 83' lang='grc' dir='ltr'><strong><em>γὰρ</em></strong></span> <span class='ocrx_word' id='word_1_142' title='bbox 1098 1378 1373 1433; x_wconf 78' lang='grc' dir='ltr'><strong><em>ἀναγκασθεὶς</em></strong></span> <span class='ocrx_word' id='word_1_143' title='bbox 1392 1378 1463 1421; x_wconf 76' lang='grc' dir='ltr'><strong><em>ὑπ’</em></strong></span> <span class='ocrx_word' id='word_1_144' title='bbox 1481 1378 1608 1433; x_wconf 70' lang='grc' dir='ltr'><strong><em>αὐτῆς</em></strong></span> <span class='ocrx_word' id='word_1_145' title='bbox 1627 1377 1870 1433; x_wconf 80' lang='grc' dir='ltr'><strong><em>ἆμαρτὴσεις</em></strong></span> <span class='ocrx_word' id='word_1_146' title='bbox 1888 1379 1945 1427; x_wconf 79' lang='grc' dir='ltr'><strong><em>εἰς</em></strong></span> 
     </span>
     <span class='ocr_line' id='line_1_17' title="bbox 453 1440 1944 1501; baseline 0.001 -19"><span class='ocrx_word' id='word_1_147' title='bbox 453 1467 458 1501; x_wconf 68' lang='lat'><strong><em>3-</em></strong></span> <span class='ocrx_word' id='word_1_148' title='bbox 512 1440 603 1495; x_wconf 68' lang='grc' dir='ltr'><strong><em>αὐτήν,</em></strong></span> <span class='ocrx_word' id='word_1_149' title='bbox 627 1443 807 1493; x_wconf 81' lang='grc' dir='ltr'><strong><em>θάνατος</em></strong></span> <span class='ocrx_word' id='word_1_150' title='bbox 834 1443 946 1496; x_wconf 83' lang='grc' dir='ltr'><strong><em>παρὰ</em></strong></span> <span class='ocrx_word' id='word_1_151' title='bbox 977 1448 1083 1486; x_wconf 83' lang='grc' dir='ltr'><strong><em>θεοῦ</em></strong></span> <span class='ocrx_word' id='word_1_152' title='bbox 1111 1444 1368 1487; x_wconf 54' lang='lat' dir='ltr'><strong><em>&amp;asachae-wi</em></strong></span> <span class='ocrx_word' id='word_1_153' title='bbox 1394 1457 1460 1485; x_wconf 89' lang='grc' dir='ltr'><strong><em>σοι</em></strong></span> <span class='ocrx_word' id='word_1_154' title='bbox 1488 1443 1658 1493; x_wconf 81' lang='grc' dir='ltr'><strong><em>αἰώνιος</em></strong></span> <span class='ocrx_word' id='word_1_155' title='bbox 1685 1446 1729 1485; x_wconf 76' lang='grc' dir='ltr'><strong><em>ἐν</em></strong></span> <span class='ocrx_word' id='word_1_156' title='bbox 1758 1443 1944 1497; x_wconf 79' lang='grc' dir='ltr'><strong><em>αἰσθήσει</em></strong></span> 
     </span>
     <span class='ocr_line' id='line_1_18' title="bbox 453 1505 1946 1564; baseline -0.002 -12"><span class='ocrx_word' id='word_1_157' title='bbox 453 1521 459 1552; x_wconf 84' lang='grc'><strong><em>.’</em></strong></span> <span class='ocrx_word' id='word_1_158' title='bbox 513 1511 617 1559; x_wconf 63' lang='grc' dir='ltr'><strong><em>πικρῶς</em></strong></span> <span class='ocrx_word' id='word_1_159' title='bbox 638 1511 915 1563; x_wconf 78' lang='grc' dir='ltr'><strong><em>κολαζομένῳ·</em></strong></span> <span class='ocrx_word' id='word_1_160' title='bbox 963 1523 1000 1563; x_wconf 87' lang='grc'><strong><em>4.</em></strong></span> <span class='ocrx_word' id='word_1_161' title='bbox 1030 1510 1111 1552; x_wconf 84' lang='grc' dir='ltr'><strong><em>εἴτε</em></strong></span> <span class='ocrx_word' id='word_1_162' title='bbox 1137 1510 1191 1563; x_wconf 87' lang='grc' dir='ltr'><strong><em>μὴ</em></strong></span> <span class='ocrx_word' id='word_1_163' title='bbox 1217 1510 1400 1564; x_wconf 81' lang='grc' dir='ltr'><strong><em>ποιήσεις</em></strong></span> <span class='ocrx_word' id='word_1_164' title='bbox 1426 1509 1479 1551; x_wconf 88' lang='grc' dir='ltr'><strong><em>τὸ</em></strong></span> <span class='ocrx_word' id='word_1_165' title='bbox 1499 1508 1639 1562; x_wconf 83' lang='grc' dir='ltr'><strong><em>μύσος,</em></strong></span> <span class='ocrx_word' id='word_1_166' title='bbox 1669 1506 1759 1550; x_wconf 75' lang='grc' dir='ltr'><strong><em>ἀλλ’</em></strong></span> <span class='ocrx_word' id='word_1_167' title='bbox 1785 1505 1946 1550; x_wconf 78' lang='grc' dir='ltr'><strong><em>ἀποσει-</em></strong></span> 
     </span>
     <span class='ocr_line' id='line_1_19' title="bbox 453 1570 1944 1633; baseline -0.001 -18"><span class='ocrx_word' id='word_1_168' title='bbox 453 1575 456 1601; x_wconf 85' lang='lat'><strong>:</strong></span> <span class='ocrx_word' id='word_1_169' title='bbox 515 1571 629 1623; x_wconf 71' lang='grc' dir='ltr'><strong><em>ῠᾶμενος</em></strong></span> <span class='ocrx_word' id='word_1_170' title='bbox 652 1573 783 1627; x_wconf 69' lang='grc' dir='ltr'><strong><em>αὐτὴν</em></strong></span> <span class='ocrx_word' id='word_1_171' title='bbox 802 1570 956 1627; x_wconf 78' lang='grc' dir='ltr'><strong><em>ἀρνήσῃ</em></strong></span> <span class='ocrx_word' id='word_1_172' title='bbox 975 1573 1092 1624; x_wconf 76' lang='grc' dir='ltr'><strong><em>αὐτό,</em></strong></span> <span class='ocrx_word' id='word_1_173' title='bbox 1122 1577 1189 1616; x_wconf 83' lang='grc' dir='ltr'><strong><em>καὶ</em></strong></span> <span class='ocrx_word' id='word_1_174' title='bbox 1209 1578 1336 1616; x_wconf 90' lang='grc' dir='ltr'><strong><em>τοῦτο</em></strong></span> <span class='ocrx_word' id='word_1_175' title='bbox 1354 1572 1540 1629; x_wconf 81' lang='grc' dir='ltr'><strong><em>ἥμαρτες,</em></strong></span> <span class='ocrx_word' id='word_1_176' title='bbox 1571 1574 1699 1633; x_wconf 60' lang='lat' dir='ltr'><strong><em>Q)</em></strong></span> <span class='ocrx_word' id='word_1_177' title='bbox 1716 1573 1770 1626; x_wconf 85' lang='grc' dir='ltr'><strong><em>μὴ</em></strong></span> <span class='ocrx_word' id='word_1_178' title='bbox 1792 1574 1944 1626; x_wconf 75' lang='grc' dir='ltr'><strong><em>ἐπίσης,</em></strong></span> 
     </span>
     <span class='ocr_line' id='line_1_20' title="bbox 515 1636 1946 1692; baseline 0 -13"><span class='ocrx_word' id='word_1_179' title='bbox 515 1636 597 1685; x_wconf 73' lang='grc' dir='ltr'><strong><em>μόνον</em></strong></span> <span class='ocrx_word' id='word_1_180' title='bbox 618 1640 652 1679; x_wconf 81' lang='grc' dir='ltr'><strong><em>δὲ</em></strong></span> <span class='ocrx_word' id='word_1_181' title='bbox 679 1638 729 1680; x_wconf 79' lang='grc' dir='ltr'><strong><em>τὺ</em></strong></span> <span class='ocrx_word' id='word_1_182' title='bbox 766 1639 832 1681; x_wconf 85' lang='grc' dir='ltr'><strong><em>διὰ</em></strong></span> <span class='ocrx_word' id='word_1_183' title='bbox 868 1642 944 1681; x_wconf 85' lang='grc' dir='ltr'><strong><em>τοῦ</em></strong></span> <span class='ocrx_word' id='word_1_184' title='bbox 977 1643 1273 1692; x_wconf 81' lang='grc' dir='ltr'><strong><em>καλλωπισμοῦ</em></strong></span> <span class='ocrx_word' id='word_1_185' title='bbox 1301 1650 1377 1681; x_wconf 89' lang='grc' dir='ltr'><strong><em>σου</em></strong></span> <span class='ocrx_word' id='word_1_186' title='bbox 1411 1641 1651 1692; x_wconf 82' lang='grc' dir='ltr'><strong><em>παγιδεῦσαι</em></strong></span> <span class='ocrx_word' id='word_1_187' title='bbox 1683 1648 1856 1691; x_wconf 78' lang='grc' dir='ltr'><strong><em>γυναῖκα</em></strong></span> <span class='ocrx_word' id='word_1_188' title='bbox 1889 1639 1946 1686; x_wconf 79' lang='grc' dir='ltr'><strong><em>εἰς</em></strong></span> 
     </span>
    </p>
   </div>
   <div class='ocr_carea' id='block_1_3' title="bbox 1973 1063 2016 1093">
    <p class='ocr_par' dir='ltr' id='par_1_3' title="bbox 1973 1063 2016 1093">
     <span class='ocr_line' id='line_1_21' title="bbox 1973 1063 2016 1093; baseline 0 0"><span class='ocrx_word' id='word_1_189' title='bbox 1973 1063 2016 1093; x_wconf 88' lang='grc'><strong><em>10</em></strong></span> 
     </span>
    </p>
   </div>
   <div class='ocr_carea' id='block_1_4' title="bbox 1971 1387 2012 1417">
    <p class='ocr_par' dir='ltr' id='par_1_4' title="bbox 1971 1387 2012 1417">
     <span class='ocr_line' id='line_1_22' title="bbox 1971 1387 2012 1417; baseline 0.024 -1"><span class='ocrx_word' id='word_1_190' title='bbox 1971 1387 2012 1417; x_wconf 74' lang='lat'><strong><em>15</em></strong></span> 
     </span>
    </p>
   </div>
   <div class='ocr_carea' id='block_1_5' title="bbox 517 1700 2012 1759">
    <p class='ocr_par' dir='ltr' id='par_1_5' title="bbox 517 1700 2012 1759">
     <span class='ocr_line' id='line_1_23' title="bbox 517 1700 2012 1759; baseline 0.001 -16"><span class='ocrx_word' id='word_1_191' title='bbox 517 1700 548 1740; x_wconf 78' lang='grc' dir='ltr'><strong><em>τὸ</em></strong></span> <span class='ocrx_word' id='word_1_192' title='bbox 564 1702 775 1758; x_wconf 67' lang='grc' dir='ltr'><strong><em>ἐπιθυμῆσαί</em></strong></span> <span class='ocrx_word' id='word_1_193' title='bbox 802 1715 895 1745; x_wconf 90' lang='grc' dir='ltr'><strong><em>σου·</em></strong></span> <span class='ocrx_word' id='word_1_194' title='bbox 930 1704 1122 1759; x_wconf 77' lang='grc' dir='ltr'><strong><em>ἐποίησας</em></strong></span> <span class='ocrx_word' id='word_1_195' title='bbox 1153 1704 1231 1758; x_wconf 81' lang='grc' dir='ltr'><strong><em>γὰρ</em></strong></span> <span class='ocrx_word' id='word_1_196' title='bbox 1258 1704 1336 1757; x_wconf 82' lang='grc' dir='ltr'><strong><em>τὴν</em></strong></span> <span class='ocrx_word' id='word_1_197' title='bbox 1363 1709 1493 1746; x_wconf 85' lang='grc' dir='ltr'><strong><em>τοῦτο</em></strong></span> <span class='ocrx_word' id='word_1_198' title='bbox 1519 1708 1742 1746; x_wconf 81' lang='grc' dir='ltr'><strong><em>παθοῦσαν</em></strong></span> <span class='ocrx_word' id='word_1_199' title='bbox 1777 1703 1843 1744; x_wconf 81' lang='grc' dir='ltr'><strong><em>διὰ</em></strong></span> <span class='ocrx_word' id='word_1_200' title='bbox 1872 1708 1946 1757; x_wconf 86' lang='grc' dir='ltr'><strong><em>τῆς</em></strong></span> <span class='ocrx_word' id='word_1_201' title='bbox 1968 1709 2012 1741; x_wconf 87' lang='grc'><strong><em>20</em></strong></span> 
     </span>
    </p>
   </div>
   <div class='ocr_carea' id='block_1_6' title="bbox 518 1760 1946 1954">
    <p class='ocr_par' dir='ltr' id='par_1_6' title="bbox 518 1760 1946 1954">
     <span class='ocr_line' id='line_1_24' title="bbox 518 1760 1946 1822; baseline 0 -12"><span class='ocrx_word' id='word_1_202' title='bbox 518 1760 629 1817; x_wconf 66' lang='grc' dir='ltr'><strong><em>ὀρέξεως</em></strong></span> <span class='ocrx_word' id='word_1_203' title='bbox 649 1773 915 1821; x_wconf 82' lang='grc' dir='ltr'><strong><em>μοιχευθῆναι</em></strong></span> <span class='ocrx_word' id='word_1_204' title='bbox 943 1770 1010 1810; x_wconf 83' lang='grc' dir='ltr'><strong><em>ἐπὶ</em></strong></span> <span class='ocrx_word' id='word_1_205' title='bbox 1028 1771 1106 1811; x_wconf 79' lang='grc' dir='ltr'><strong><em>σοί.</em></strong></span> <span class='ocrx_word' id='word_1_206' title='bbox 1155 1781 1190 1822; x_wconf 86' lang='lat'><strong><em>5.</em></strong></span> <span class='ocrx_word' id='word_1_207' title='bbox 1220 1765 1307 1811; x_wconf 77' lang='grc' dir='ltr'><strong><em>ἄλλ’</em></strong></span> <span class='ocrx_word' id='word_1_208' title='bbox 1338 1765 1411 1821; x_wconf 80' lang='grc' dir='ltr'><strong><em>οὐχ</em></strong></span> <span class='ocrx_word' id='word_1_209' title='bbox 1441 1765 1576 1818; x_wconf 77' lang='grc' dir='ltr'><strong><em>οὕτως</em></strong></span> <span class='ocrx_word' id='word_1_210' title='bbox 1594 1769 1725 1817; x_wconf 77' lang='grc' dir='ltr'><strong><em>αἴτιος</em></strong></span> <span class='ocrx_word' id='word_1_211' title='bbox 1753 1765 1946 1821; x_wconf 75' lang='grc' dir='ltr'><strong><em>ὑπάρχεις</em></strong></span> 
     </span>
     <span class='ocr_line' id='line_1_25' title="bbox 519 1829 1946 1888; baseline 0.001 -15"><span class='ocrx_word' id='word_1_212' title='bbox 519 1829 611 1873; x_wconf 75' lang='grc' dir='ltr'><strong><em>διὰτὸ</em></strong></span> <span class='ocrx_word' id='word_1_213' title='bbox 629 1833 675 1887; x_wconf 82' lang='grc' dir='ltr'><strong><em>μὴ</em></strong></span> <span class='ocrx_word' id='word_1_214' title='bbox 703 1836 1049 1887; x_wconf 76' lang='grc' dir='ltr'><strong><em>προσαποστετλαί</em></strong></span> <span class='ocrx_word' id='word_1_215' title='bbox 1083 1846 1127 1876; x_wconf 82' lang='grc' dir='ltr'><strong><em>σε</em></strong></span> <span class='ocrx_word' id='word_1_216' title='bbox 1155 1838 1206 1886; x_wconf 82' lang='grc' dir='ltr'><strong><em>τῇ</em></strong></span> <span class='ocrx_word' id='word_1_217' title='bbox 1232 1835 1298 1876; x_wconf 75' lang='grc' dir='ltr'><strong><em>ἐπὶ</em></strong></span> <span class='ocrx_word' id='word_1_218' title='bbox 1334 1835 1378 1875; x_wconf 80' lang='grc' dir='ltr'><strong><em>σὲ</em></strong></span> <span class='ocrx_word' id='word_1_219' title='bbox 1411 1835 1753 1887; x_wconf 80' lang='grc' dir='ltr'><strong><em>πεπαγιδευμένῃ·</em></strong></span> <span class='ocrx_word' id='word_1_220' title='bbox 1790 1830 1840 1876; x_wconf 82' lang='grc' dir='ltr'><strong><em>οὐ</em></strong></span> <span class='ocrx_word' id='word_1_221' title='bbox 1867 1834 1946 1888; x_wconf 82' lang='grc' dir='ltr'><strong><em>γὰρ</em></strong></span> 
     </span>
     <span class='ocr_line' id='line_1_26' title="bbox 520 1894 1945 1954; baseline 0.001 -15"><span class='ocrx_word' id='word_1_222' title='bbox 520 1894 778 1954; x_wconf 66' lang='grc' dir='ltr'><strong><em>ῦὺέπεθὺμησας</em></strong></span> <span class='ocrx_word' id='word_1_223' title='bbox 805 1899 948 1954; x_wconf 72' lang='grc' dir='ltr'><strong><em>αὐτῆς·</em></strong></span> <span class='ocrx_word' id='word_1_224' title='bbox 977 1901 1031 1954; x_wconf 87' lang='grc' dir='ltr'><strong><em>μὴ</em></strong></span> <span class='ocrx_word' id='word_1_225' title='bbox 1059 1900 1344 1949; x_wconf 84' lang='grc' dir='ltr'><strong><em>συνεπιδιδοὺς</em></strong></span> <span class='ocrx_word' id='word_1_226' title='bbox 1371 1901 1415 1941; x_wconf 78' lang='grc' dir='ltr'><strong><em>δὲ</em></strong></span> <span class='ocrx_word' id='word_1_227' title='bbox 1434 1899 1541 1952; x_wconf 79' lang='grc' dir='ltr'><strong><em>αὐτῇ</em></strong></span> <span class='ocrx_word' id='word_1_228' title='bbox 1570 1899 1720 1941; x_wconf 72' lang='grc' dir='ltr'><strong><em>ἑαυτὸν</em></strong></span> <span class='ocrx_word' id='word_1_229' title='bbox 1745 1899 1945 1954; x_wconf 77' lang='grc' dir='ltr'><strong><em>ἐλεηθήσῃ</em></strong></span> 
     </span>
    </p>
   </div>
   <div class='ocr_carea' id='block_1_7' title="bbox 523 1981 709 1994">
    <p class='ocr_par' dir='ltr' id='par_1_7' title="bbox 523 1981 709 1994">
     <span class='ocr_line' id='line_1_27' title="bbox 523 1981 709 1994; baseline 0 1442"><span class='ocrx_word' id='word_1_230' title='bbox 523 1981 709 1994; x_wconf 95' lang='lat' dir='ltr'><strong><em> </em></strong></span> 
     </span>
    </p>
   </div>
   <div class='ocr_carea' id='block_1_8' title="bbox 513 2026 1948 2775">
    <p class='ocr_par' dir='ltr' id='par_1_8' title="bbox 522 2026 1942 2127">
     <span class='ocr_line' id='line_1_28' title="bbox 588 2026 1942 2072; baseline 0.003 -12"><span class='ocrx_word' id='word_1_231' title='bbox 588 2026 664 2062; x_wconf 69' lang='lat' dir='ltr'><strong><em>SMt.</em></strong></span> <span class='ocrx_word' id='word_1_232' title='bbox 689 2038 715 2071; x_wconf 86' lang='lat'><strong><em>5,</em></strong></span> <span class='ocrx_word' id='word_1_233' title='bbox 737 2038 790 2069; x_wconf 77' lang='lat'><strong><em>44.</em></strong></span> <span class='ocrx_word' id='word_1_234' title='bbox 814 2038 873 2072; x_wconf 77' lang='lat'><strong><em>453</em></strong></span> <span class='ocrx_word' id='word_1_235' title='bbox 896 2029 974 2063; x_wconf 87' lang='lat' dir='ltr'>Luc.</span> <span class='ocrx_word' id='word_1_236' title='bbox 997 2028 1028 2069; x_wconf 89' lang='lat'><strong><em>6,</em></strong></span> <span class='ocrx_word' id='word_1_237' title='bbox 1053 2038 1104 2072; x_wconf 89' lang='lat'><strong><em>²7·</em></strong></span> <span class='ocrx_word' id='word_1_238' title='bbox 1128 2030 1179 2063; x_wconf 88' lang='lat'><strong><em>28.</em></strong></span> <span class='ocrx_word' id='word_1_239' title='bbox 1206 2039 1255 2072; x_wconf 86' lang='lat'><strong><em>35.</em></strong></span> <span class='ocrx_word' id='word_1_240' title='bbox 1279 2049 1318 2053; x_wconf 81' lang='lat'><em>-</em></span> <span class='ocrx_word' id='word_1_241' title='bbox 1343 2032 1365 2064; x_wconf 87' lang='lat'>8</span> <span class='ocrx_word' id='word_1_242' title='bbox 1389 2030 1435 2064; x_wconf 90' lang='lat'><strong><em>10.</em></strong></span> <span class='ocrx_word' id='word_1_243' title='bbox 1463 2038 1512 2070; x_wconf 87' lang='lat'><strong><em>12,</em></strong></span> <span class='ocrx_word' id='word_1_244' title='bbox 1539 2028 1593 2072; x_wconf 78' lang='lat'><strong><em>363</em></strong></span> <span class='ocrx_word' id='word_1_245' title='bbox 1616 2030 1630 2062; x_wconf 88' lang='grc' dir='ltr'>Ι</span> <span class='ocrx_word' id='word_1_246' title='bbox 1653 2029 1771 2063; x_wconf 87' lang='lat' dir='ltr'>Thess.</span> <span class='ocrx_word' id='word_1_247' title='bbox 1799 2038 1825 2071; x_wconf 82' lang='grc' dir='ltr'><strong><em>ς,</em></strong></span> <span class='ocrx_word' id='word_1_248' title='bbox 1853 2039 1879 2072; x_wconf 86' lang='lat'><strong><em>5.</em></strong></span> <span class='ocrx_word' id='word_1_249' title='bbox 1907 2049 1942 2053; x_wconf 86' lang='lat'>—</span> 
     </span>
     <span class='ocr_line' id='line_1_29' title="bbox 522 2077 1145 2127; baseline 0.005 -13"><span class='ocrx_word' id='word_1_250' title='bbox 522 2079 548 2108; x_wconf 83' lang='lat'><strong><em>1⁰</em></strong></span> <span class='ocrx_word' id='word_1_251' title='bbox 561 2077 609 2113; x_wconf 79' lang='lat' dir='ltr'>Gal.</span> <span class='ocrx_word' id='word_1_252' title='bbox 625 2080 648 2122; x_wconf 89' lang='grc'><strong><em>6,</em></strong></span> <span class='ocrx_word' id='word_1_253' title='bbox 668 2091 701 2123; x_wconf 82' lang='lat'><strong><em>2;</em></strong></span> <span class='ocrx_word' id='word_1_254' title='bbox 723 2083 805 2127; x_wconf 88' lang='lat' dir='ltr'><strong><em>Eph.</em></strong></span> <span class='ocrx_word' id='word_1_255' title='bbox 829 2092 860 2124; x_wconf 82' lang='lat'><strong><em>4,</em></strong></span> <span class='ocrx_word' id='word_1_256' title='bbox 885 2093 919 2124; x_wconf 90' lang='lat'><strong><em>2;</em></strong></span> <span class='ocrx_word' id='word_1_257' title='bbox 944 2084 1016 2118; x_wconf 90' lang='lat' dir='ltr'>Col.</span> <span class='ocrx_word' id='word_1_258' title='bbox 1044 2093 1071 2126; x_wconf 84' lang='lat'><strong><em>3,</em></strong></span> <span class='ocrx_word' id='word_1_259' title='bbox 1097 2093 1145 2127; x_wconf 87' lang='lat'><strong><em>13.</em></strong></span> 
     </span>
    </p>

    <p class='ocr_par' dir='ltr' id='par_1_9' title="bbox 515 2188 1948 2721">
     <span class='ocr_line' id='line_1_30' title="bbox 591 2188 1924 2236; baseline -0.001 -12"><span class='ocrx_word' id='word_1_260' title='bbox 591 2191 601 2220; x_wconf 88' lang='lat' dir='ltr'>l</span> <span class='ocrx_word' id='word_1_261' title='bbox 618 2201 675 2229; x_wconf 81' lang='grc' dir='ltr'><strong><em>μου</em></strong></span> <span class='ocrx_word' id='word_1_262' title='bbox 690 2195 732 2230; x_wconf 96' lang='grc'>&gt;</span> <span class='ocrx_word' id='word_1_263' title='bbox 750 2202 768 2225; x_wconf 84' lang='lat' dir='ltr'>a</span> <span class='ocrx_word' id='word_1_264' title='bbox 788 2194 794 2232; x_wconf 95' lang='grc' dir='ltr'>Ι</span> <span class='ocrx_word' id='word_1_265' title='bbox 813 2203 871 2225; x_wconf 84' lang='grc' dir='ltr'><strong><em>σοι</em></strong></span> <span class='ocrx_word' id='word_1_266' title='bbox 885 2189 1056 2235; x_wconf 74' lang='grc' dir='ltr'><strong><em>βοηθήσῃ</em></strong></span> <span class='ocrx_word' id='word_1_267' title='bbox 1072 2203 1092 2236; x_wconf 88' lang='lat' dir='ltr'>p</span> <span class='ocrx_word' id='word_1_268' title='bbox 1111 2203 1132 2224; x_wconf 87' lang='lat' dir='ltr'><strong>v</strong></span> <span class='ocrx_word' id='word_1_269' title='bbox 1148 2191 1198 2225; x_wconf 91' lang='lat' dir='ltr'><strong><em>L:</em></strong></span> <span class='ocrx_word' id='word_1_270' title='bbox 1215 2203 1272 2226; x_wconf 86' lang='grc' dir='ltr'><strong><em>σοι</em></strong></span> <span class='ocrx_word' id='word_1_271' title='bbox 1288 2196 1325 2236; x_wconf 79' lang='grc' dir='ltr'><strong><em>β.</em></strong></span> <span class='ocrx_word' id='word_1_272' title='bbox 1342 2203 1399 2227; x_wconf 88' lang='grc' dir='ltr'><strong><em>σοι</em></strong></span> <span class='ocrx_word' id='word_1_273' title='bbox 1417 2203 1448 2231; x_wconf 85' lang='grc' dir='ltr'><strong><em>ο,</em></strong></span> <span class='ocrx_word' id='word_1_274' title='bbox 1471 2196 1507 2236; x_wconf 73' lang='grc' dir='ltr'><strong><em>ῥ’.</em></strong></span> <span class='ocrx_word' id='word_1_275' title='bbox 1526 2203 1583 2226; x_wconf 86' lang='grc' dir='ltr'><strong><em>σοι</em></strong></span> <span class='ocrx_word' id='word_1_276' title='bbox 1600 2192 1632 2232; x_wconf 86' lang='lat' dir='ltr'><strong><em>h,</em></strong></span> <span class='ocrx_word' id='word_1_277' title='bbox 1657 2203 1698 2225; x_wconf 84' lang='grc' dir='ltr'><strong><em>σε</em></strong></span> <span class='ocrx_word' id='word_1_278' title='bbox 1716 2188 1888 2233; x_wconf 68' lang='grc' dir='ltr'><strong><em>ἐκδικήσῃ</em></strong></span> <span class='ocrx_word' id='word_1_279' title='bbox 1905 2201 1924 2223; x_wconf 84' lang='lat' dir='ltr'>a</span> 
     </span>
     <span class='ocr_line' id='line_1_31' title="bbox 521 2238 1947 2288; baseline 0.001 -11"><span class='ocrx_word' id='word_1_280' title='bbox 521 2238 595 2272; x_wconf 70' lang='lat'><strong><em>⁴15²</em></strong></span> <span class='ocrx_word' id='word_1_281' title='bbox 609 2247 792 2282; x_wconf 83' lang='grc' dir='ltr'><strong><em>μισοῦντων</em></strong></span> <span class='ocrx_word' id='word_1_282' title='bbox 814 2255 836 2278; x_wconf 90' lang='lat' dir='ltr'>o</span> <span class='ocrx_word' id='word_1_283' title='bbox 855 2249 860 2286; x_wconf 93' lang='grc' dir='ltr'>Ι</span> <span class='ocrx_word' id='word_1_284' title='bbox 879 2248 899 2280; x_wconf 83' lang='grc'>5</span> <span class='ocrx_word' id='word_1_285' title='bbox 923 2241 1016 2288; x_wconf 84' lang='grc' dir='ltr'><strong><em>υμᾶς</em></strong></span> <span class='ocrx_word' id='word_1_286' title='bbox 1038 2248 1100 2280; x_wconf 81' lang='grc' dir='ltr'><strong><em>καὶ</em></strong></span> <span class='ocrx_word' id='word_1_287' title='bbox 1123 2243 1330 2280; x_wconf 77' lang='grc' dir='ltr'><strong><em>διωκόντων</em></strong></span> <span class='ocrx_word' id='word_1_288' title='bbox 1347 2257 1366 2279; x_wconf 79' lang='lat' dir='ltr'>a</span> <span class='ocrx_word' id='word_1_289' title='bbox 1389 2246 1411 2279; x_wconf 89' lang='lat' dir='ltr'>h</span> <span class='ocrx_word' id='word_1_290' title='bbox 1434 2247 1490 2288; x_wconf 82' lang='grc' dir='ltr'>(-Ι-</span> <span class='ocrx_word' id='word_1_291' title='bbox 1510 2241 1601 2287; x_wconf 81' lang='grc' dir='ltr'><strong><em>υμᾶς</em></strong></span> <span class='ocrx_word' id='word_1_292' title='bbox 1624 2246 1693 2288; x_wconf 87' lang='lat' dir='ltr'><strong><em>h):</em></strong></span> <span class='ocrx_word' id='word_1_293' title='bbox 1718 2246 1780 2279; x_wconf 81' lang='grc' dir='ltr'><strong><em>καὶ</em></strong></span> <span class='ocrx_word' id='word_1_294' title='bbox 1803 2248 1833 2279; x_wconf 89' lang='grc' dir='ltr'><strong><em>δ.</em></strong></span> <span class='ocrx_word' id='word_1_295' title='bbox 1856 2240 1947 2285; x_wconf 78' lang='grc' dir='ltr'><strong><em>ὑμᾶς</em></strong></span> 
     </span>
     <span class='ocr_line' id='line_1_32' title="bbox 521 2294 1946 2343; baseline 0.001 -13.039"><span class='ocrx_word' id='word_1_296' title='bbox 521 2294 633 2333; x_wconf 64' lang='lat' dir='ltr'><strong><em>Pvlaeoel</em></strong></span> <span class='ocrx_word' id='word_1_297' title='bbox 652 2296 852 2333; x_wconf 71' lang='grc' dir='ltr'><strong><em>διωκόντων</em></strong></span> <span class='ocrx_word' id='word_1_298' title='bbox 873 2304 916 2338; x_wconf 95' lang='grc'>&gt;</span> <span class='ocrx_word' id='word_1_299' title='bbox 941 2311 963 2333; x_wconf 91' lang='lat' dir='ltr'>o</span> <span class='ocrx_word' id='word_1_300' title='bbox 983 2302 987 2341; x_wconf 89' lang='grc' dir='ltr'>Ι</span> <span class='ocrx_word' id='word_1_301' title='bbox 1007 2303 1027 2334; x_wconf 85' lang='grc'><strong>6</strong></span> <span class='ocrx_word' id='word_1_302' title='bbox 1050 2306 1125 2339; x_wconf 87' lang='grc' dir='ltr'><strong><em>τοῖς</em></strong></span> <span class='ocrx_word' id='word_1_303' title='bbox 1139 2304 1183 2339; x_wconf 94' lang='lat'>&gt;</span> <span class='ocrx_word' id='word_1_304' title='bbox 1201 2311 1222 2333; x_wconf 92' lang='lat' dir='ltr'>o</span> <span class='ocrx_word' id='word_1_305' title='bbox 1243 2303 1247 2340; x_wconf 88' lang='grc' dir='ltr'>Ι</span> <span class='ocrx_word' id='word_1_306' title='bbox 1266 2303 1318 2338; x_wconf 86' lang='grc'><strong><em>617</em></strong></span> <span class='ocrx_word' id='word_1_307' title='bbox 1343 2299 1401 2335; x_wconf 77' lang='grc' dir='ltr'><strong><em>ἐπὶ</em></strong></span> <span class='ocrx_word' id='word_1_308' title='bbox 1424 2312 1460 2334; x_wconf 86' lang='grc' dir='ltr'><strong><em>π.</em></strong></span> <span class='ocrx_word' id='word_1_309' title='bbox 1485 2319 1523 2323; x_wconf 92' lang='grc'>-</span> <span class='ocrx_word' id='word_1_310' title='bbox 1548 2299 1672 2343; x_wconf 75' lang='grc' dir='ltr'><strong><em>βρεχει</em></strong></span> <span class='ocrx_word' id='word_1_311' title='bbox 1688 2304 1731 2338; x_wconf 97' lang='grc'>&gt;</span> <span class='ocrx_word' id='word_1_312' title='bbox 1752 2309 1774 2332; x_wconf 92' lang='lat' dir='ltr'>o</span> <span class='ocrx_word' id='word_1_313' title='bbox 1793 2303 1797 2340; x_wconf 90' lang='grc' dir='ltr'>Ι</span> <span class='ocrx_word' id='word_1_314' title='bbox 1821 2303 1861 2333; x_wconf 82' lang='lat'><strong><em>10</em></strong></span> <span class='ocrx_word' id='word_1_315' title='bbox 1884 2300 1946 2332; x_wconf 78' lang='grc' dir='ltr'><strong><em>καῖ</em></strong></span> 
     </span>
     <span class='ocr_line' id='line_1_33' title="bbox 522 2342 1925 2397; baseline -0.001 -11"><span class='ocrx_word' id='word_1_316' title='bbox 522 2342 653 2393; x_wconf 63' lang='grc' dir='ltr'><strong><em>’ἶθῖ&gt;111</em></strong></span> <span class='ocrx_word' id='word_1_317' title='bbox 671 2356 706 2387; x_wconf 84' lang='lat'><strong><em>11</em></strong></span> <span class='ocrx_word' id='word_1_318' title='bbox 730 2351 796 2396; x_wconf 83' lang='grc' dir='ltr'><strong><em>τὴν</em></strong></span> <span class='ocrx_word' id='word_1_319' title='bbox 819 2359 969 2397; x_wconf 79' lang='grc' dir='ltr'><strong><em>γυναῖκα</em></strong></span> <span class='ocrx_word' id='word_1_320' title='bbox 994 2366 1001 2387; x_wconf 88' lang='lat'><strong>:</strong></span> <span class='ocrx_word' id='word_1_321' title='bbox 1025 2352 1115 2396; x_wconf 84' lang='grc' dir='ltr'><strong><em>πρὸς</em></strong></span> <span class='ocrx_word' id='word_1_322' title='bbox 1137 2352 1201 2397; x_wconf 82' lang='grc' dir='ltr'><strong><em>τὴν</em></strong></span> <span class='ocrx_word' id='word_1_323' title='bbox 1225 2353 1352 2389; x_wconf 76' lang='grc' dir='ltr'><strong><em>ἑαυτοῦ</em></strong></span> <span class='ocrx_word' id='word_1_324' title='bbox 1378 2367 1409 2397; x_wconf 86' lang='grc' dir='ltr'><strong><em>γ.</em></strong></span> <span class='ocrx_word' id='word_1_325' title='bbox 1435 2352 1527 2389; x_wconf 80' lang='grc' dir='ltr'><strong><em>ἔστω</em></strong></span> <span class='ocrx_word' id='word_1_326' title='bbox 1544 2364 1562 2387; x_wconf 86' lang='lat' dir='ltr'>a</span> <span class='ocrx_word' id='word_1_327' title='bbox 1583 2355 1587 2394; x_wconf 91' lang='grc' dir='ltr'>Ι</span> <span class='ocrx_word' id='word_1_328' title='bbox 1608 2350 1849 2397; x_wconf 80' lang='grc' dir='ltr'><strong><em>ὑπερηφανιῦν</em></strong></span> <span class='ocrx_word' id='word_1_329' title='bbox 1866 2353 1887 2385; x_wconf 90' lang='lat' dir='ltr'><strong>h</strong></span> <span class='ocrx_word' id='word_1_330' title='bbox 1902 2363 1925 2386; x_wconf 89' lang='grc' dir='ltr'><strong><em>ο</em></strong></span> 
     </span>
     <span class='ocr_line' id='line_1_34' title="bbox 520 2398 1948 2450; baseline 0.001 -12"><span class='ocrx_word' id='word_1_331' title='bbox 520 2398 727 2447; x_wconf 66' lang='grc' dir='ltr'><strong><em>Μθέἆλαζόνε</em></strong></span> <span class='ocrx_word' id='word_1_332' title='bbox 744 2419 782 2449; x_wconf 86' lang='grc' dir='ltr'><strong><em>μ.</em></strong></span> <span class='ocrx_word' id='word_1_333' title='bbox 801 2404 1106 2450; x_wconf 71' lang='grc' dir='ltr'><strong><em>ἀλαζονευόμενος</em></strong></span> <span class='ocrx_word' id='word_1_334' title='bbox 1128 2408 1161 2448; x_wconf 81' lang='lat' dir='ltr'><strong><em>h,</em></strong></span> <span class='ocrx_word' id='word_1_335' title='bbox 1183 2412 1227 2447; x_wconf 97' lang='lat'>&gt;</span> <span class='ocrx_word' id='word_1_336' title='bbox 1252 2418 1272 2441; x_wconf 92' lang='lat'><em>0</em></span> <span class='ocrx_word' id='word_1_337' title='bbox 1304 2409 1308 2449; x_wconf 93' lang='grc'>1</span> <span class='ocrx_word' id='word_1_338' title='bbox 1341 2412 1381 2443; x_wconf 78' lang='grc'><strong><em>13</em></strong></span> <span class='ocrx_word' id='word_1_339' title='bbox 1404 2408 1628 2443; x_wconf 79' lang='grc' dir='ltr'><strong><em>κολακεύουν</em></strong></span> <span class='ocrx_word' id='word_1_340' title='bbox 1650 2418 1671 2441; x_wconf 91' lang='lat' dir='ltr'>o</span> <span class='ocrx_word' id='word_1_341' title='bbox 1697 2410 1703 2449; x_wconf 92' lang='grc' dir='ltr'>Ι</span> <span class='ocrx_word' id='word_1_342' title='bbox 1734 2404 1948 2449; x_wconf 76' lang='grc' dir='ltr'><strong><em>σπουδάζων</em></strong></span> 
     </span>
     <span class='ocr_line' id='line_1_35' title="bbox 520 2453 1924 2506; baseline 0.006 -20"><span class='ocrx_word' id='word_1_343' title='bbox 520 2453 653 2491; x_wconf 62' lang='lat' dir='ltr'><strong>÷aenzh</strong></span> <span class='ocrx_word' id='word_1_344' title='bbox 681 2464 720 2495; x_wconf 80' lang='lat'><strong><em>14</em></strong></span> <span class='ocrx_word' id='word_1_345' title='bbox 745 2459 835 2504; x_wconf 85' lang='grc' dir='ltr'><strong><em>αυτῆ</em></strong></span> <span class='ocrx_word' id='word_1_346' title='bbox 859 2458 948 2496; x_wconf 79' lang='grc' dir='ltr'><strong><em>εἶναι</em></strong></span> <span class='ocrx_word' id='word_1_347' title='bbox 974 2473 994 2506; x_wconf 81' lang='lat' dir='ltr'>p</span> <span class='ocrx_word' id='word_1_348' title='bbox 1018 2474 1039 2495; x_wconf 89' lang='lat' dir='ltr'>v</span> <span class='ocrx_word' id='word_1_349' title='bbox 1070 2463 1074 2503; x_wconf 88' lang='grc' dir='ltr'>Ι</span> <span class='ocrx_word' id='word_1_350' title='bbox 1107 2466 1147 2497; x_wconf 73' lang='lat'><strong><em>1⁶</em></strong></span> <span class='ocrx_word' id='word_1_351' title='bbox 1171 2461 1297 2505; x_wconf 74' lang='grc' dir='ltr'><strong><em>ἑτέραν</em></strong></span> <span class='ocrx_word' id='word_1_352' title='bbox 1320 2473 1338 2495; x_wconf 85' lang='lat' dir='ltr'>a</span> <span class='ocrx_word' id='word_1_353' title='bbox 1361 2463 1382 2495; x_wconf 90' lang='lat' dir='ltr'>h</span> <span class='ocrx_word' id='word_1_354' title='bbox 1405 2463 1436 2495; x_wconf 81' lang='lat' dir='ltr'>A</span> <span class='ocrx_word' id='word_1_355' title='bbox 1460 2462 1499 2496; x_wconf 88' lang='lat' dir='ltr'><strong><em>cf.</em></strong></span> <span class='ocrx_word' id='word_1_356' title='bbox 1523 2462 1587 2495; x_wconf 92' lang='lat' dir='ltr'><strong><em>D:</em></strong></span> <span class='ocrx_word' id='word_1_357' title='bbox 1613 2461 1793 2503; x_wconf 75' lang='grc' dir='ltr'><strong><em>νεωτέραν</em></strong></span> <span class='ocrx_word' id='word_1_358' title='bbox 1814 2471 1835 2494; x_wconf 91' lang='lat' dir='ltr'>o</span> <span class='ocrx_word' id='word_1_359' title='bbox 1859 2472 1879 2504; x_wconf 91' lang='lat' dir='ltr'>p</span> <span class='ocrx_word' id='word_1_360' title='bbox 1904 2473 1924 2494; x_wconf 90' lang='lat' dir='ltr'>v</span> 
     </span>
     <span class='ocr_line' id='line_1_36' title="bbox 518 2509 1945 2560; baseline -0.001 -10"><span class='ocrx_word' id='word_1_361' title='bbox 518 2509 630 2551; x_wconf 55' lang='grc' dir='ltr'>ΏἯΙΗ-</span> <span class='ocrx_word' id='word_1_362' title='bbox 649 2516 704 2548; x_wconf 75' lang='grc' dir='ltr'><strong><em>καὶ</em></strong></span> <span class='ocrx_word' id='word_1_363' title='bbox 728 2525 750 2549; x_wconf 91' lang='lat' dir='ltr'>o</span> <span class='ocrx_word' id='word_1_364' title='bbox 774 2516 779 2558; x_wconf 91' lang='grc' dir='ltr'>Ι</span> <span class='ocrx_word' id='word_1_365' title='bbox 808 2519 847 2550; x_wconf 85' lang='grc'><strong><em>16</em></strong></span> <span class='ocrx_word' id='word_1_366' title='bbox 870 2513 966 2560; x_wconf 79' lang='grc' dir='ltr'><strong><em>παρὰ</em></strong></span> <span class='ocrx_word' id='word_1_367' title='bbox 992 2520 1029 2558; x_wconf 78' lang='grc' dir='ltr'><strong><em>-Ι-</em></strong></span> <span class='ocrx_word' id='word_1_368' title='bbox 1053 2520 1118 2552; x_wconf 81' lang='grc' dir='ltr'><strong><em>τοῦ</em></strong></span> <span class='ocrx_word' id='word_1_369' title='bbox 1143 2527 1164 2549; x_wconf 93' lang='lat' dir='ltr'>o</span> <span class='ocrx_word' id='word_1_370' title='bbox 1190 2518 1196 2559; x_wconf 92' lang='grc' dir='ltr'>Ι</span> <span class='ocrx_word' id='word_1_371' title='bbox 1224 2520 1262 2550; x_wconf 84' lang='grc'><strong><em>17</em></strong></span> <span class='ocrx_word' id='word_1_372' title='bbox 1286 2519 1424 2559; x_wconf 77' lang='grc' dir='ltr'><strong><em>πικρῶς</em></strong></span> <span class='ocrx_word' id='word_1_373' title='bbox 1446 2514 1589 2559; x_wconf 79' lang='grc' dir='ltr'><strong><em>(πικρὸς</em></strong></span> <span class='ocrx_word' id='word_1_374' title='bbox 1613 2517 1650 2558; x_wconf 91' lang='lat'><strong><em>0)</em></strong></span> <span class='ocrx_word' id='word_1_375' title='bbox 1679 2519 1754 2549; x_wconf 86' lang='grc' dir='ltr'><strong><em>κολ.</em></strong></span> <span class='ocrx_word' id='word_1_376' title='bbox 1778 2517 1945 2558; x_wconf 80' lang='grc' dir='ltr'><strong><em>(κολαζο·</em></strong></span> 
     </span>
     <span class='ocr_line' id='line_1_37' title="bbox 517 2558 1922 2615; baseline 0.004 -18"><span class='ocrx_word' id='word_1_377' title='bbox 517 2558 663 2612; x_wconf 66' lang='lat' dir='ltr'>ssmvho)</span> <span class='ocrx_word' id='word_1_378' title='bbox 677 2581 694 2603; x_wconf 87' lang='lat' dir='ltr'>a</span> <span class='ocrx_word' id='word_1_379' title='bbox 708 2570 731 2603; x_wconf 87' lang='lat' dir='ltr'>h</span> <span class='ocrx_word' id='word_1_380' title='bbox 747 2581 795 2604; x_wconf 90' lang='grc' dir='ltr'><strong><em>ο.</em></strong></span> <span class='ocrx_word' id='word_1_381' title='bbox 813 2573 889 2605; x_wconf 85' lang='grc' dir='ltr'><strong><em>κολ.</em></strong></span> <span class='ocrx_word' id='word_1_382' title='bbox 903 2574 1041 2614; x_wconf 78' lang='grc' dir='ltr'><strong><em>πικρῶς</em></strong></span> <span class='ocrx_word' id='word_1_383' title='bbox 1056 2582 1076 2615; x_wconf 89' lang='lat' dir='ltr'>p</span> <span class='ocrx_word' id='word_1_384' title='bbox 1095 2583 1114 2604; x_wconf 86' lang='lat' dir='ltr'>v</span> <span class='ocrx_word' id='word_1_385' title='bbox 1137 2573 1139 2603; x_wconf 97' lang='grc' dir='ltr'>Ι</span> <span class='ocrx_word' id='word_1_386' title='bbox 1160 2568 1249 2605; x_wconf 73' lang='grc' dir='ltr'><strong><em>ἀλλὰ</em></strong></span> <span class='ocrx_word' id='word_1_387' title='bbox 1267 2581 1288 2604; x_wconf 92' lang='lat' dir='ltr'>o</span> <span class='ocrx_word' id='word_1_388' title='bbox 1307 2582 1327 2614; x_wconf 89' lang='lat' dir='ltr'>p</span> <span class='ocrx_word' id='word_1_389' title='bbox 1343 2582 1363 2603; x_wconf 81' lang='lat' dir='ltr'>v</span> <span class='ocrx_word' id='word_1_390' title='bbox 1385 2572 1388 2605; x_wconf 80' lang='grc' dir='ltr'>Ι</span> <span class='ocrx_word' id='word_1_391' title='bbox 1411 2574 1451 2605; x_wconf 85' lang='grc'><strong><em>18</em></strong></span> <span class='ocrx_word' id='word_1_392' title='bbox 1474 2567 1562 2605; x_wconf 82' lang='grc' dir='ltr'><strong><em>αυτό</em></strong></span> <span class='ocrx_word' id='word_1_393' title='bbox 1586 2582 1593 2603; x_wconf 87' lang='lat'>:</span> <span class='ocrx_word' id='word_1_394' title='bbox 1617 2567 1715 2605; x_wconf 84' lang='grc' dir='ltr'><strong><em>αυτιῦ</em></strong></span> <span class='ocrx_word' id='word_1_395' title='bbox 1732 2580 1763 2610; x_wconf 87' lang='grc' dir='ltr'><strong><em>ο,</em></strong></span> <span class='ocrx_word' id='word_1_396' title='bbox 1779 2566 1890 2613; x_wconf 76' lang='grc' dir='ltr'><strong><em>αὐτὴν</em></strong></span> <span class='ocrx_word' id='word_1_397' title='bbox 1905 2581 1922 2603; x_wconf 84' lang='lat' dir='ltr'>a</span> 
     </span>
     <span class='ocr_line' id='line_1_38' title="bbox 516 2611 1924 2668; baseline -0.002 -8"><span class='ocrx_word' id='word_1_398' title='bbox 516 2611 614 2660; x_wconf 57' lang='lat' dir='ltr'><strong><em>fflfflh‘·</em></strong></span> <span class='ocrx_word' id='word_1_399' title='bbox 627 2621 707 2664; x_wconf 55' lang='grc' dir='ltr'><strong><em>ἔφη’</em></strong></span> <span class='ocrx_word' id='word_1_400' title='bbox 692 2635 767 2667; x_wconf 84' lang='grc' dir='ltr'><strong><em>ισης</em></strong></span> <span class='ocrx_word' id='word_1_401' title='bbox 783 2624 814 2663; x_wconf 86' lang='lat' dir='ltr'><strong><em>h,</em></strong></span> <span class='ocrx_word' id='word_1_402' title='bbox 838 2623 965 2667; x_wconf 78' lang='grc' dir='ltr'><strong><em>ἐφῆσις</em></strong></span> <span class='ocrx_word' id='word_1_403' title='bbox 982 2635 1014 2666; x_wconf 91' lang='grc' dir='ltr'><strong><em>ο,</em></strong></span> <span class='ocrx_word' id='word_1_404' title='bbox 1037 2623 1189 2668; x_wconf 71' lang='grc' dir='ltr'><strong><em>ποιήσῃς</em></strong></span> <span class='ocrx_word' id='word_1_405' title='bbox 1206 2636 1224 2658; x_wconf 85' lang='lat' dir='ltr'>a</span> <span class='ocrx_word' id='word_1_406' title='bbox 1246 2626 1250 2667; x_wconf 91' lang='grc' dir='ltr'>Ι</span> <span class='ocrx_word' id='word_1_407' title='bbox 1272 2628 1310 2659; x_wconf 86' lang='grc'><strong><em>19</em></strong></span> <span class='ocrx_word' id='word_1_408' title='bbox 1327 2626 1625 2665; x_wconf 79' lang='grc' dir='ltr'><strong><em>καλλωπίσματος</em></strong></span> <span class='ocrx_word' id='word_1_409' title='bbox 1639 2634 1660 2657; x_wconf 92' lang='lat'><strong>0</strong></span> <span class='ocrx_word' id='word_1_410' title='bbox 1681 2627 1685 2663; x_wconf 91' lang='grc' dir='ltr'>Ι</span> <span class='ocrx_word' id='word_1_411' title='bbox 1707 2624 1780 2663; x_wconf 74' lang='grc' dir='ltr'><strong><em>εἰς-ε</em></strong></span> <span class='ocrx_word' id='word_1_412' title='bbox 1797 2622 1886 2667; x_wconf 81' lang='grc' dir='ltr'><strong><em>πρὸς</em></strong></span> <span class='ocrx_word' id='word_1_413' title='bbox 1902 2635 1924 2657; x_wconf 91' lang='lat' dir='ltr'>o</span> 
     </span>
     <span class='ocr_line' id='line_1_39' title="bbox 515 2667 1945 2721; baseline 0.001 -11"><span class='ocrx_word' id='word_1_414' title='bbox 515 2667 894 2720; x_wconf 61' lang='grc' dir='ltr'><strong><em>21θιὶιῖξειικςεοράσιεως·</em></strong></span> <span class='ocrx_word' id='word_1_415' title='bbox 916 2688 937 2711; x_wconf 95' lang='lat' dir='ltr'>o</span> <span class='ocrx_word' id='word_1_416' title='bbox 962 2677 1002 2712; x_wconf 91' lang='lat' dir='ltr'><strong><em>cf.</em></strong></span> <span class='ocrx_word' id='word_1_417' title='bbox 1026 2679 1057 2711; x_wconf 95' lang='lat' dir='ltr'><strong>D</strong></span> <span class='ocrx_word' id='word_1_418' title='bbox 1075 2680 1081 2720; x_wconf 88' lang='grc' dir='ltr'>Ι</span> <span class='ocrx_word' id='word_1_419' title='bbox 1102 2682 1145 2712; x_wconf 81' lang='lat'><strong><em>22</em></strong></span> <span class='ocrx_word' id='word_1_420' title='bbox 1169 2676 1226 2712; x_wconf 82' lang='grc' dir='ltr'><strong><em>διὰ</em></strong></span> <span class='ocrx_word' id='word_1_421' title='bbox 1249 2676 1290 2712; x_wconf 83' lang='grc' dir='ltr'><strong><em>τὸ</em></strong></span> <span class='ocrx_word' id='word_1_422' title='bbox 1318 2698 1352 2703; x_wconf 96' lang='grc'><strong>-</strong></span> <span class='ocrx_word' id='word_1_423' title='bbox 1378 2677 1669 2721; x_wconf 74' lang='grc' dir='ltr'><strong><em>πεπαγιδευμένῃ</em></strong></span> <span class='ocrx_word' id='word_1_424' title='bbox 1694 2683 1737 2717; x_wconf 97' lang='grc'>&gt;</span> <span class='ocrx_word' id='word_1_425' title='bbox 1755 2689 1776 2711; x_wconf 91' lang='lat' dir='ltr'>o</span> <span class='ocrx_word' id='word_1_426' title='bbox 1796 2681 1800 2720; x_wconf 95' lang='grc' dir='ltr'>Ι</span> <span class='ocrx_word' id='word_1_427' title='bbox 1821 2676 1880 2712; x_wconf 80' lang='grc' dir='ltr'><strong><em>ἐπὶ</em></strong></span> <span class='ocrx_word' id='word_1_428' title='bbox 1905 2678 1945 2712; x_wconf 81' lang='grc' dir='ltr'><strong><em>σὲ</em></strong></span> 
     </span>
    </p>

    <p class='ocr_par' dir='ltr' id='par_1_10' title="bbox 513 2721 1328 2775">
     <span class='ocr_line' id='line_1_40' title="bbox 513 2721 1328 2775; baseline 0.005 -13"><span class='ocrx_word' id='word_1_429' title='bbox 513 2721 574 2757; x_wconf 73' lang='lat'>²¹²-</span> <span class='ocrx_word' id='word_1_430' title='bbox 591 2727 757 2775; x_wconf 72' lang='grc' dir='ltr'><strong><em>ἐπισοὶρ</em></strong></span> <span class='ocrx_word' id='word_1_431' title='bbox 782 2730 959 2774; x_wconf 78' lang='grc' dir='ltr'><strong><em>νΙ23μὴ</em></strong></span> <span class='ocrx_word' id='word_1_432' title='bbox 985 2743 1018 2766; x_wconf 92' lang='grc' dir='ltr'><strong><em>σ.</em></strong></span> <span class='ocrx_word' id='word_1_433' title='bbox 1042 2732 1080 2766; x_wconf 85' lang='grc' dir='ltr'><strong><em>δέ</em></strong></span> <span class='ocrx_word' id='word_1_434' title='bbox 1105 2735 1227 2775; x_wconf 74' lang='grc' dir='ltr'><strong><em>’μηδε</em></strong></span> <span class='ocrx_word' id='word_1_435' title='bbox 1252 2742 1328 2766; x_wconf 91' lang='grc' dir='ltr'><strong><em>σ.ο</em></strong></span> 
     </span>
    </p>
   </div>
   <div class='ocr_carea' id='block_1_9' title="bbox 513 2787 1492 2805">
    <p class='ocr_par' dir='ltr' id='par_1_11' title="bbox 513 2787 1492 2805">
     <span class='ocr_line' id='line_1_41' title="bbox 513 2787 1492 2805; baseline 0 631"><span class='ocrx_word' id='word_1_436' title='bbox 513 2787 1492 2805; x_wconf 95' lang='lat' dir='ltr'><strong><em> </em></strong></span> 
     </span>
    </p>
   </div>
   <div class='ocr_carea' id='block_1_10' title="bbox 503 2825 1946 2928">
    <p class='ocr_par' dir='ltr' id='par_1_12' title="bbox 503 2825 1946 2928">
     <span class='ocr_line' id='line_1_42' title="bbox 509 2825 1946 2883; baseline 0.004 -25"><span class='ocrx_word' id='word_1_437' title='bbox 509 2836 532 2842; x_wconf 50' lang='grc' dir='ltr'><strong><em>τ</em></strong></span> <span class='ocrx_word' id='word_1_438' title='bbox 547 2825 746 2883; x_wconf 64' lang='grc' dir='ltr'><strong><em>κολακευειν]</em></strong></span> <span class='ocrx_word' id='word_1_439' title='bbox 770 2829 879 2863; x_wconf 81' lang='lat' dir='ltr'>elem.</span> <span class='ocrx_word' id='word_1_440' title='bbox 895 2830 994 2864; x_wconf 88' lang='lat' dir='ltr'>Hom.</span> <span class='ocrx_word' id='word_1_441' title='bbox 1007 2831 1095 2870; x_wconf 83' lang='lat' dir='ltr'>xul,</span> <span class='ocrx_word' id='word_1_442' title='bbox 1111 2829 1165 2864; x_wconf 87' lang='lat'><strong><em>16:</em></strong></span> <span class='ocrx_word' id='word_1_443' title='bbox 1235 2830 1351 2870; x_wconf 80' lang='grc' dir='ltr'><strong><em>θέτως</em></strong></span> <span class='ocrx_word' id='word_1_444' title='bbox 1373 2834 1473 2872; x_wconf 82' lang='grc' dir='ltr'><strong><em>φιλεῖ</em></strong></span> <span class='ocrx_word' id='word_1_445' title='bbox 1493 2833 1553 2864; x_wconf 80' lang='grc' dir='ltr'><strong><em>καὶ</em></strong></span> <span class='ocrx_word' id='word_1_446' title='bbox 1575 2833 1770 2872; x_wconf 83' lang='grc' dir='ltr'><strong><em>καταφιλεῖ</em></strong></span> <span class='ocrx_word' id='word_1_447' title='bbox 1795 2831 1858 2864; x_wconf 79' lang='grc' dir='ltr'><strong><em>καὶ</em></strong></span> <span class='ocrx_word' id='word_1_448' title='bbox 1886 2842 1946 2864; x_wconf 83' lang='grc' dir='ltr'><strong><em>κο·</em></strong></span> 
     </span>
     <span class='ocr_line' id='line_1_43' title="bbox 503 2867 1890 2928; baseline 0.004 -15"><span class='ocrx_word' id='word_1_449' title='bbox 503 2867 661 2923; x_wconf 70' lang='grc' dir='ltr'><strong><em>ἦσαν’φρων</em></strong></span> <span class='ocrx_word' id='word_1_450' title='bbox 681 2880 802 2926; x_wconf 81' lang='grc' dir='ltr'><strong><em>(γυνη)</em></strong></span> <span class='ocrx_word' id='word_1_451' title='bbox 826 2881 888 2917; x_wconf 80' lang='grc' dir='ltr'><strong><em>τὸν</em></strong></span> <span class='ocrx_word' id='word_1_452' title='bbox 910 2880 1021 2928; x_wconf 77' lang='grc' dir='ltr'><strong><em>ἄνδρα</em></strong></span> <span class='ocrx_word' id='word_1_453' title='bbox 1051 2883 1165 2919; x_wconf 81' lang='grc' dir='ltr'><strong><em>ἐνδια-</em></strong></span> <span class='ocrx_word' id='word_1_454' title='bbox 1232 2883 1390 2919; x_wconf 79' lang='grc' dir='ltr'><strong><em>λακεύει.</em></strong></span> <span class='ocrx_word' id='word_1_455' title='bbox 1437 2883 1488 2918; x_wconf 86' lang='lat' dir='ltr'><strong><em>Cf.</em></strong></span> <span class='ocrx_word' id='word_1_456' title='bbox 1511 2885 1582 2928; x_wconf 84' lang='lat' dir='ltr'>Ign.</span> <span class='ocrx_word' id='word_1_457' title='bbox 1607 2885 1647 2917; x_wconf 88' lang='lat' dir='ltr'><strong><em>ad</em></strong></span> <span class='ocrx_word' id='word_1_458' title='bbox 1669 2884 1782 2928; x_wconf 85' lang='lat' dir='ltr'>Polyc.</span> <span class='ocrx_word' id='word_1_459' title='bbox 1807 2893 1837 2924; x_wconf 83' lang='lat'><strong><em>2,</em></strong></span> <span class='ocrx_word' id='word_1_460' title='bbox 1861 2893 1890 2918; x_wconf 85' lang='lat'><strong><em>2.</em></strong></span> 
     </span>
    </p>
   </div>
  </div>
 </body>
</html>
