2457 3436
804 270 1128 300 CONSTITUTIONUM
1156 271 1426 300 APOSTOLOBUM
1458 272 1535 300 vlu.
1864 264 1914 301 93

423 362 541 416 ἀξίαν
569 365 806 418 ἐπιθέμενοι
834 364 932 408 ἄνευ
960 371 1062 408 θεοῦ
1081 372 1133 419 τῇ
1152 363 1429 420 ἀρχιερωσύνη
1449 368 1518 408 καὶ
1536 366 1746 421 γενόμενοι
1775 368 1813 409 οἱ
1841 370 1916 420 μὲν

423 433 707 482 πυρίφλεκτοι,
736 429 759 472 ὁ
789 432 832 472 δὲ
860 430 965 473 κατὰ
982 435 1059 473 τοῦ
1075 430 1270 484 μετώπου
1288 433 1450 485 λεπρός,
1480 432 1761 486 παραξύνουσι
1785 433 1826 474 δὲ
1847 435 1914 474 καὶ

426 495 607 547 Χριστὸν
632 492 789 550 Ἰησοῦν
815 496 895 538 τὸν
922 495 1227 549 διαταξάμενον,
1260 501 1463 547 »λυποῦσι
1497 499 1539 539 δὲ
1574 500 1638 538 καὶ
1669 497 1720 539 τὸ
1753 503 1915 550 πνεῦμα

422 560 473 602 τὸ
507 559 665 614 ἅγιον“,
707 557 956 615 ἀκυροῦντες
994 560 1124 604 αὐτοῦ
1156 562 1235 617 τὴν
1267 564 1510 615 μαρτυρίαν·
1555 577 1593 616 4.
1631 561 1803 611 εἰκότως
1837 564 1914 604 τὸν

421 625 703 680 ἐπηρτημένον
736 628 930 668 κίνδυνον
964 636 1049 675 τοῖς
1082 626 1135 669 τὰ
1166 633 1340 669 τοιαῦτα
1373 627 1600 681 πράττουσι
1629 628 1912 681 προειδόμενοι
1960 637 1979 665 ·‘›

422 693 491 732 καὶ
520 691 596 744 τὴν
624 693 680 740 εἰς
707 691 781 741 τὰς
809 694 954 740 θυσίας
982 694 1049 733 καὶ
1079 688 1330 744 εὐχαριστίας
1357 688 1545 745 ἀμέλειαν
1573 693 1619 733 ἐκ
1646 699 1725 734 τοῦ
1753 690 1818 743 ὑφ’
1853 687 1914 733 οὖν

419 756 474 808 μὴ
491 754 570 811 χρὴ
588 758 894 809 προσαγομένας
914 757 1081 807 ἀσεβῶς,
1100 757 1270 798 παιδιὰν
1288 755 1524 811 ἡγουμένων
1539 757 1617 810 τὴν
1632 754 1915 812 ἀρχιερατικὴν

421 820 556 874 τιμήν,
583 819 671 875 ἥτις
689 824 853 875 μίμησιν
872 824 1042 874 περιέχει
1061 828 1139 863 τοῦ
1157 822 1337 876 μεγάλου
1355 819 1568 876 ἀρχιερέως
1583 819 1713 876 Ἰησοῦ
1733 825 1914 875 Χριστοῦ

421 891 501 927 τοῦ
527 887 724 936 βασιλέως
750 885 880 940 ἡμῶν,
917 886 1098 941 ἀνάγκην
1126 887 1268 940 ἔχομεν
1287 890 1352 929 καὶ
1374 893 1502 929 τοῦτο
1520 889 1779 940 παραινέσαι·
1809 886 1913 941 ,,ἢδη

421 949 498 1004 γάρ
513 966 622 1000 τινες
640 950 917 1007 ἐξετράπησαν
932 949 1064 994 ὀπίσω
1081 958 1153 1007 τῆς
1168 951 1330 995 ἑαυτῶν
1347 952 1662 1007 ματαιότητος“.
1696 965 1730 1005 5.
1747 954 1912 1005 λέγομεν
1939 961 1979 990 10

422 1018 463 1057 δί-
484 1013 544 1064 ώς
558 1019 778 1071 ,,Μωῦῠῆ-.ἳ,
797 1014 821 1058 ὃ
841 1022 918 1058 τοῦ
936 1021 1041 1059 θεοῦ
1061 1018 1302 1070 θεράπων“,
1322 1013 1357 1071 ᾧ
1380 1016 1402 1059 ὁ
1418 1017 1518 1066 θεὸς
1530 1017 1734 1067 ,,ὲνω’πιος
1749 1018 1914 1069 ἐνωπίῳ

420 1078 576 1133 ὡμίλει,
608 1079 665 1129 ὡς
693 1082 730 1123 εἴ
745 1097 807 1129 τις
836 1080 999 1131 λαλήσει
1025 1081 1128 1134 πρὸς
1148 1081 1297 1124 ἑαυτοῦ
1315 1085 1479 1134 φίλον“,
1509 1078 1545 1136 ᾧ
1564 1081 1692 1124 εἶπεν·
1721 1080 1853 1132 ,,οἶδά
1871 1095 1912 1123 σε

421 1145 535 1198 παρὰ
553 1145 753 1196 πάντας“,
774 1140 809 1198 ᾧ
828 1147 934 1189 κατὰ
946 1147 1177 1200 πρόσωπον
1192 1145 1332 1200 ὡμίλει
1351 1149 1418 1188 καὶ
1437 1147 1489 1188 ου’
1504 1146 1558 1188 δι’
1571 1144 1736 1200 ἀδήλων
1757 1144 1914 1200 ἢένυπ-

420 1213 527 1251 νίων
545 1207 570 1263 ἢ
589 1208 772 1263 ἀγγέλων
790 1209 814 1264 ἢ
834 1212 1097 1265 αἰνιγμάτων,
1127 1207 1264 1262 οὗτος,
1285 1209 1404 1265 ἡνίκα
1428 1212 1505 1265 τὴν
1523 1214 1645 1254 θείαν
1665 1213 1913 1265 νομοθεσίαν

420 1273 669 1326 διετάσσετο,
698 1278 830 1325 διεῖλε,
860 1278 953 1318 τίνα
976 1278 1049 1329 μὲν
1072 1277 1147 1331 χρὴ
1167 1275 1251 1319 ὑπὸ
1271 1282 1359 1318 τῶν
1379 1276 1597 1329 ἀρχιερέων
1626 1277 1911 1324 ἐπιτελεῖσθαι,
1940 1285 1977 1314 15

419 1343 515 1381 τίνα
534 1341 578 1382 δὲ
605 1338 689 1383 ὑπὸ
717 1346 805 1383 τοῦν
835 1341 989 1394 ἱερέων,
1018 1344 1111 1383 τίνα
1139 1343 1181 1383 δὲ
1209 1339 1294 1383 ὑπὸ
1322 1347 1412 1383 τῶν
1432 1346 1619 1391 λευῖτοῦν,
1650 1341 1810 1393 ἑκάστῳ
1837 1341 1914 1394 τὴν

419 1406 578 1446 οἰκείαν
595 1407 663 1446 καὶ
682 1406 917 1459 ἀνήκουσαν
935 1412 986 1459 τῇ
1006 1409 1235 1462 λειτουργίᾳ
1254 1409 1479 1460 θρησκείαν
1498 1405 1730 1459 ἀπονείμας.
1779 1407 1816 1447 6.
1846 1408 1914 1447 καὶ

419 1467 524 1522 ἅπερ
535 1472 610 1522 μὲν
621 1479 709 1520 τοῖς
722 1468 944 1524 ἀρχιερεῦσι
958 1473 1260 1525 προσετέτακτο
1271 1472 1481 1522 ἐπιτελεῖν,
1493 1471 1658 1519 τούτοις
1672 1470 1772 1520 τοὺς
1786 1470 1913 1522 ἱερέας

419 1532 472 1576 οὗ
499 1535 675 1587 θεμιτὸν
701 1532 755 1588 ἦν
782 1538 1007 1588 προσιέναι,
1038 1534 1141 1588 ἅπερ
1171 1538 1213 1577 δὲ
1240 1545 1328 1585 τοῖς
1356 1536 1529 1589 ἱερεῦσιν
1553 1535 1718 1588 ὥριστο,
1747 1536 1912 1583 τούτοις

419 1600 460 1640 οἱ
488 1604 643 1642 λευῙται
671 1599 724 1642 ου’
749 1601 994 1653 προσῄεσαν,
1023 1598 1114 1643 ἀλλ’
1138 1600 1301 1643 ἕκαστοι
1331 1600 1458 1653 ἅσπερ
1485 1600 1804 1654 παρειλήφεισαν
1832 1598 1909 1640 ὑπ·
1934 1607 1976 1637 20

419 1666 582 1718 ηρεσίας
608 1667 972 1719 περιγεγραμμένας
1000 1666 1245 1718 ἐφύλαττον.
1303 1667 1338 1708 εἰ
1372 1667 1417 1707 δέ
1449 1682 1512 1714 τις
1544 1667 1649 1718 πέρα
1682 1671 1755 1719 τῆς
1782 1680 1911 1717 παρα-

417 1730 574 1777 δόσεως
602 1731 813 1782 προσιέναι
841 1730 1046 1781 ἐβούλετο,
1075 1731 1261 1780 θάνατος
1292 1724 1343 1785 ἧν
1372 1730 1420 1772 τὸ
1449 1731 1662 1783 ἐπιτίμιον.
1721 1744 1756 1783 7.
1786 1733 1913 1771 τοῦτο

529 1884 550 1916 3
568 1881 650 1924 Eph.
668 1890 698 1922 4,
720 1891 769 1924 30.
794 1901 834 1905 —
858 1882 907 1916 91
925 1881 1011 1915 Tim.
1033 1892 1060 1924 5,
1082 1892 1187 1924 15.—
1209 1886 1245 1916 11
1263 1882 1360 1916 Num.
1381 1891 1430 1922 12,
1448 1891 1475 1925 7.
1494 1901 1532 1905 —
1554 1885 1590 1915 ll
1608 1880 1710 1914 Exod.
1732 1891 1780 1924 33,
1803 1890 1851 1913 ιι.
1876 1900 1897 1903 ν·

420 1939 461 1968 12
484 1935 542 1969 Ex.
570 1945 620 1978 33,
646 1945 694 1978 17·
720 1954 757 1959 -—
786 1939 825 1969 14
848 1935 947 1970 Num.
976 1946 1022 1977 12,
1048 1937 1078 1970 8.
1104 1956 1142 1960 —
1166 1940 1210 1971 20
1232 1936 1330 1969 Num.
1354 1945 1385 1977 4.

530 2080 548 2109 1
573 2073 678 2116 ἀξίαν
703 2079 740 2116 -Ι-
767 2079 859 2111 θεοῦ
881 2088 899 2110 a
930 2082 934 2118 ξ
967 2079 1058 2111 θεοῦ
1081 2082 1124 2116 >
1150 2088 1168 2110 a
1195 2078 1200 2120 Ι
1227 2081 1247 2111 2
1270 2079 1502 2120 περίφλεκτοι
1528 2088 1535 2110 :
1561 2071 1649 2119 ἦλθε
1673 2080 1744 2119 πῦρ
1767 2071 1912 2109 ἄνωθεν

415 2132 479 2162 καὶ
496 2128 723 2165 κατέκαυσεν
740 2127 870 2170 αὐτοὺς
885 2141 907 2163 ιι
928 2134 931 2166 :
952 2126 972 2165 ὃ
990 2143 996 2164 :
1017 2130 1050 2165 οὶ
1069 2142 1087 2164 a
1108 2135 1112 2173 Ι
1132 2135 1183 2169 314
1207 2129 1248 2165 τὸ
1264 2126 1369 2174 ἅγιον
1383 2134 1521 2173 πνεῦμα
1547 2130 1581 2171 f.
1601 2134 1622 2164 4
1640 2127 1780 2169 εἰκότος
1803 2141 1836 2162 ιιι
1860 2142 1878 2161 γ
1906 2157 1908 2161 .

415 2178 1909 2227 6έκτοῦεινο;>ιε1Ιῶν;ῦμῶνν,ῧμιῦνείςᾶιιΙΊμὴχρὴεινςιιὴ

416 2233 468 2277 (ὁ,-
488 2238 539 2280 χ.)
562 2237 592 2271 C
615 2249 622 2270 :
647 2235 715 2272 οὐκ
739 2237 847 2282 ἐχρῆν
869 2238 916 2271 rel
941 2240 947 2280 Ι
971 2237 1116 2272 παιδιὰν
1139 2249 1157 2272 a
1180 2251 1200 2271 v
1224 2239 1253 2272 C
1277 2251 1284 2272 :
1307 2241 1474 2281 παίγνιον
1496 2239 1541 2272 rel
1567 2240 1573 2280 Ι
1601 2234 1794 2281 ἡγούμενοι
1818 2248 1837 2269 a
1859 2249 1879 2269 v

416 2295 438 2325 {⁴
464 2285 540 2334 ἥτις
564 2303 571 2324 ;
597 2290 705 2332 εἴτις
727 2303 762 2325 ιιι
781 2295 787 2334 Ι
807 2290 878 2336 ἔχει
903 2304 936 2325 ιιι
958 2296 962 2332 Ι
982 2296 1002 2327 9
1025 2296 1089 2327 τοῦ
1113 2297 1156 2332 >
1181 2293 1201 2326 b
1224 2293 1239 2326 ἲ
1266 2294 1270 2335 Ι
1291 2290 1444 2335 ἔσχομεν
1466 2303 1483 2325 a
1506 2304 1540 2325 m
1561 2294 1564 2314 Ι
1588 2296 1628 2326 10
1651 2289 1767 2326 ὀπίσω
1790 2296 1832 2331 >
1859 2303 1877 2323 v
1905 2293 1909 2331 Ι

416 2342 539 2380 αῑῖτιῦν
559 2357 580 2378 v
599 2348 606 2387 1
625 2344 790 2388 λέγωμεν
813 2347 832 2379 b
851 2348 857 2388 Ι
881 2350 916 2380 11
942 2346 979 2380 δὲ
1001 2358 1019 2379 a
1038 2359 1057 2379 v
1075 2347 1102 2380 C
1127 2358 1134 2379 :
1159 2344 1201 2389 δὴ
1219 2346 1266 2379 rel
1285 2349 1291 2388 Ι
1309 2350 1435 2389 μωσῆς·
1457 2357 1475 2379 a
1491 2357 1512 2378 n
1533 2349 1538 2388 Ι
1558 2343 1712 2380 ἐνώπιον
1735 2344 1841 2379 ένωπ.
1859 2356 1878 2377 ιι

420 2404 461 2433 12
482 2397 574 2443 πρὸς
596 2403 633 2439 -Ι-
659 2397 757 2434 τὸνὶ)
783 2401 787 2440 Ι
816 2404 856 2435 13
879 2397 924 2433 δι’
953 2397 1095 2443 ἀδήλων
1122 2411 1144 2433 ιι
1166 2404 1202 2433 ει*
1223 2405 1259 2433 v¹
1280 2412 1288 2434 :
1313 2398 1370 2434 διὰ
1394 2398 1512 2443 δήλων
1534 2411 1552 2433 a
1577 2401 1595 2433 b
1618 2410 1652 2432 m
1675 2401 1692 2432 f
1710 2411 1730 2432 v
1763 2404 1769 2442 Ι
1799 2403 1838 2434 15
1863 2402 1911 2431 δι-

416 2451 599 2487 ετάσσατο
623 2465 643 2486 v
674 2455 680 2495 Ι
710 2450 781 2488 ὑπὸ
805 2467 811 2487 :
835 2453 932 2497 παρὰ
955 2465 974 2487 a
997 2467 1016 2487 v
1047 2457 1053 2496 Ι
1085 2454 1329 2489 ἐπιτελεῖσθαι
1354 2459 1397 2493 >
1423 2465 1457 2487 ιιι
1485 2456 1491 2496 Ι
1523 2457 1563 2488 16
1586 2455 1664 2488 τίνα
1688 2454 1726 2488 δὲ
1749 2449 1818 2488 ὑπὸ
1840 2457 1912 2487 tuh·

416 2510 571 2541 λευϊτῶν
593 2512 636 2547 >
654 2506 671 2540 f
689 2519 710 2541 n
731 2510 737 2550 Ι
755 2512 828 2542 τῶν
851 2513 892 2547 >
910 2520 928 2542 a
948 2509 954 2551 Ι
976 2513 1015 2543 17
1039 2511 1098 2543 καὶ
1123 2508 1140 2542 s
1158 2521 1177 2542 v
1202 2509 1230 2543 C
1255 2521 1262 2542 :
1287 2514 1329 2548 >
1354 2509 1400 2542 rel
1420 2511 1425 2550 1
1446 2505 1652 2551 ἀνήκουσαν
1675 2520 1694 2540 ν
1718 2508 1745 2542 C
1771 2520 1777 2540 :
1801 2520 1912 2552 προσ-

417 2558 581 2603 ήκουσαν
602 2561 649 2595 rel
668 2563 674 2604 Ι
695 2565 756 2606 τῆς
778 2565 1002 2606 λειτουργίας
1025 2574 1043 2597 a
1067 2576 1086 2596 v
1107 2565 1112 2605 Ι
1135 2566 1174 2598 19
1197 2563 1357 2606 προϊέναι
1376 2574 1396 2596 ιι
1417 2566 1423 2605 Ι
1441 2569 1516 2603 τοῖς
1532 2568 1575 2602 >
1594 2563 1613 2595 b
1633 2565 1638 2604 1
1659 2566 1701 2596 20
1715 2563 1913 2604 προσίεσαν

417 2615 503 2648 codd
524 2616 530 2658 Ι
556 2612 701 2650 ἕκαστοι
727 2627 745 2649 a
769 2628 789 2649 v
812 2617 839 2650 C
864 2629 871 2650 ε
897 2615 1048 2657 ἕκαστος
1070 2618 1117 2650 rel
1138 2621 1141 2659 Ι
1163 2612 1279 2660 ἅσπερ
1302 2628 1334 2650 ιιι
1359 2628 1379 2650 ιι
1402 2622 1435 2651 a‘1
1459 2629 1466 2650 z
1490 2612 1583 2659 ἅπερ
1606 2628 1633 2657 a,
1664 2612 1706 2656 ἃς
1729 2628 1759 2656 v,
1789 2610 1911 2658 ὥσπερ

419 2670 440 2702 b
457 2669 473 2702 f
488 2672 495 2711 Ι
513 2667 799 2714 παρειλήφεισαν
816 2683 835 2704 ν
859 2672 1027 2714 (-φησαν)
1050 2672 1079 2705 C
1104 2684 1111 2704 :
1134 2669 1398 2714 παρειλήφασιν
1421 2682 1449 2711 a,
1471 2672 1693 2713 παρείληφεν
1714 2670 1733 2703 f
1750 2681 1783 2703 m
1807 2681 1837 2711 n,
1863 2669 1911 2703 εἵ-

417 2727 532 2765 ληφεν
547 2724 566 2757 b
583 2725 587 2766 Ι
607 2727 646 2758 21
664 2726 1014 2768 περιγεγραμμένοις
1032 2727 1051 2759 b
1070 2727 1075 2769 Ι
1094 2723 1291 2767 ἐφύλαττον
1308 2736 1325 2758 a
1342 2738 1362 2758 v
1381 2725 1409 2758 C
1426 2737 1433 2758 :
1452 2722 1649 2767 ἐφύλαττεν
1665 2725 1712 2758 rel
1729 2726 1732 2750 i
1751 2722 1848 2767 παρὰ
1865 2736 1884 2754 v

416 2781 461 2811 ‘22
482 2776 644 2822 προὶέναι
670 2790 689 2810 ν
710 2783 713 2811 1
737 2773 778 2821 ἦν
802 2782 839 2819 -Ι-
865 2777 958 2814 redde
984 2792 1003 2813 v
