2457 3436
557 374 876 405 cons-rumosas
903 376 1168 407 uos-romum
1199 379 1237 415 11,
1266 380 1319 416 44,
1345 381 1458 418 1—45,
1485 382 1513 411 1.
1707 371 1783 410 139

452 470 535 512 JV.
565 471 631 513 Σὺ
652 466 742 520 οὖν,
773 467 809 512 οὗ
827 471 1037 522 ἐπίσκοπε,
1067 472 1269 526 σπούδαζε
1286 472 1368 527 ἅμα
1392 480 1455 527 τῷ
1473 473 1559 516 ὑπὸ
1581 477 1624 517 σὲ
1643 475 1783 530 κλήρῳ

452 545 564 586 :opstat
597 535 676 578 τὸν
710 536 836 589 λόγον
863 543 940 590 τῆς
967 536 1203 592 ἄληθείας“,
1239 537 1305 580 ὅτι
1335 540 1438 593 λέγει
1466 540 1627 592 κύριος·
1659 541 1782 591 „mv

481 601 735 655 πορεύησθε,
764 599 879 656 κᾶγώ
906 601 1014 656 πρὸς
1040 601 1145 656 ὑμᾶς
1171 607 1354 658 πλαγίως
1388 604 1679 658 πορεύσομαι“,
1715 608 1783 648 καὶ

452 671 483 705 ῖ·
521 666 667 716 »Μετὰ
704 664 822 708 ὁσίου
859 664 1086 720 ὁσιωθήσῃ,
1121 671 1188 709 καὶ
1216 668 1317 721 μετὰ
1349 668 1499 711 α’θοόου
1526 669 1670 718 α’θῶος
1697 670 1781 722 ἔσῃ,

452 731 494 771 τὰ
534 736 735 784 στρεβλοῦ
775 733 1068 785 διαστρέψεις“.
1137 732 1262 782 ὁσίως
1306 728 1382 776 οὖν
1425 734 1672 787 πορεύεσθε,
1715 735 1782 777 ἵνα
1826 743 1847 775 5

469 797 645 839 ἐπαίνου
666 802 951 852 καταξιωθῆτε
980 794 1063 839 ὑπὸ
1085 802 1163 840 τοῦ
1190 801 1334 850 κυρίου
1361 797 1387 853 ἢ
1412 802 1604 852 μέμψεως
1631 800 1678 841 ἐκ
1705 805 1782 842 τοῦ

452 877 489 903 υ.
548 873 571 902 2
602 862 788 916 (XLIV)
824 860 1057 915 ὁμόφρονες
1093 857 1169 904 οὖν
1201 862 1321 912 ὄντες
1353 863 1461 917 πρὸς
1495 863 1711 918 ἀλλήλους,
1746 860 1782 906 ὦ

452 941 517 975 .οι,
547 926 772 980 εἰρηνεύετε
790 926 879 978 μετ’
897 926 1101 979 α’λλήλων,
1131 933 1370 982 συμπαθεῖς,
1396 929 1652 980 φιλάδελφοι,
1680 929 1782 982 μετὰ

452 1007 493 1039 ις
519 994 754 1044 ποιμαίνετε
773 993 849 1034 τὸν
879 992 996 1042 λαόν,
1026 990 1272 1046 ὁμοφρόνως
1297 992 1558 1042 διδάσκοντες
1584 993 1685 1042 τοὺς
1711 991 1777 1046 ὑφ’

452 1065 716 1109 ιογνωμονετν
735 1060 846 1107 καὶ,
848 1057 911 1107 ,τὸ
930 1055 1034 1099 αὐτὸ
1053 1060 1146 1110 περὶ
1165 1062 1254 1100 τῶν
1276 1058 1421 1099 αὐτῶν
1440 1059 1634 1111 δοξάζειν,
1664 1057 1782 1107 ὅπως
1806 1067 1846 1098 10

453 1136 463 1156 ν
482 1119 579 1173 ὗμιν
597 1125 807 1175 σχίσματα,
835 1119 909 1176 ἦτε
926 1125 970 1165 δὲ
998 1123 1044 1165 ἓν
1063 1128 1180 1176 σῶμα
1198 1125 1268 1164 καὶ
1296 1123 1341 1164 ἓν
1362 1128 1538 1176 πνεῦμα,
1567 1135 1782 1176 κατηρτισ-

452 1191 483 1239 ᾦ
501 1185 619 1239 αὐτῷ
641 1189 712 1229 νοῒ
727 1191 795 1229 καὶ
821 1193 872 1241 τῇ
893 1188 997 1241 αὐτῇ
1015 1188 1184 1241 γνώμῃ“
1204 1188 1310 1230 κατὰ
1331 1188 1410 1240 τὴν
1432 1188 1630 1241 κυριακὴν
1650 1192 1780 1247 θέσιν.

461 1251 600 1294 πάντα
631 1255 706 1304 μὲν
741 1251 765 1295 ὅ
803 1253 996 1303 διάκονος
1028 1258 1092 1306 τῷ
1126 1254 1340 1306 ἐπισκόπῳ
1375 1254 1625 1306 α’ναφερέτω,
1662 1251 1720 1303 ὡς
1755 1252 1778 1295 ὃ

452 1333 467 1365 ;
507 1322 571 1369 τῷ
612 1320 757 1370 πατρί·
801 1317 892 1360 ἀλλ’
934 1317 1010 1360 ὅσα
1048 1319 1232 1369 δύναται,
1274 1317 1486 1360 εὐθυνέτω
1523 1317 1581 1360 δι’
1618 1317 1779 1367 ἑαυτοῦ,

458 1382 571 1433 παρὰ
603 1388 683 1424 τοῦ
709 1382 939 1426 ἐπισκόπου
974 1384 1054 1435 τὴν
1081 1384 1281 1435 ἐξουσίαν,
1319 1381 1378 1431 ὥς
1407 1381 1430 1425 ὃ
1460 1382 1640 1436 Χριστὸς
1665 1383 1778 1435 παρὰ
1805 1389 1845 1421 15

453 1447 549 1498 τρὸς
577 1447 628 1489 τὸ
655 1456 869 1500 προνοεῖν
903 1449 956 1490 τὰ
984 1450 1026 1490 δὲ
1055 1447 1263 1503 ὑπέρογκα
1292 1446 1316 1491 ὁ
1342 1449 1565 1496 ἐπίσκοπος
1592 1450 1778 1502 κρινέτω.

453 1527 465 1547 w
491 1511 598 1554 ἔστω
627 1510 650 1553 ὁ
673 1511 865 1562 διάκονος
893 1518 971 1555 τοῦ
999 1513 1228 1556 ἐπισκόπου
1247 1512 1351 1566 α’κοὴ
1380 1515 1449 1554 καὶ
1468 1512 1686 1565 ὀφθαλμὸς
1713 1516 1780 1554 καὶ

473 1578 620 1629 καρδία
652 1593 696 1619 τε
731 1579 800 1619 καὶ
832 1578 955 1632 ψυχή,
995 1578 1064 1619 ἵνα
1096 1578 1149 1631 μὴ
1184 1572 1210 1631 ᾗ
1246 1578 1298 1620 τὰ
1340 1578 1475 1619 πολλὰ
1510 1584 1720 1629 μεριμνῶν
1757 1576 1781 1619 ὁ

452 1657 521 1690 τος,
561 1641 670 1684 α’λλὰ
700 1642 812 1695 μόνα
844 1643 896 1684 τὰ
929 1643 1172 1695 κυριώτερα,
1212 1641 1352 1693 ὥσπερ
1386 1644 1455 1684 καὶ
1490 1640 1514 1684 ὃ
1549 1641 1686 1695 Ἰοδώρ
1719 1648 1782 1702 πῇ

474 1707 701 1758 διετάξατο,
731 1710 800 1749 καὶ
829 1708 1034 1767 απεδέχθ-τζ
1062 1707 1194 1750 αὐτοῦ
1222 1705 1247 1760 ἡ
1275 1710 1510 1760 συμβουλία.
1804 1713 1848 1744 20

452 1772 519 1813 '„V‚
555 1773 700 1814 Καλὸν
733 1775 808 1825 μὲν
842 1768 918 1814 οὖν
953 1773 1039 1814 ἐστι
1071 1777 1134 1823 τῷ
1168 1776 1407 1826 Χριστιανιῇ
1440 1771 1643 1826 ε’γκαίμιον
1675 1772 1782 1826 πρὸς

472 1836 576 1890 ἔχειν
608 1836 844 1891 πράγματα·
884 1839 919 1879 εἰ
952 1839 994 1878 δὲ
1029 1837 1076 1879 ἔκ
1109 1853 1221 1886 τινος
1261 1838 1460 1891 ἐνεργείας
1499 1835 1524 1892 ἢ
1557 1842 1780 1890 πειρασμοῦ

453 1945 468 1978 1
490 1945 576 1979 Tim.
602 1954 633 1985 2,
660 1955 710 1987 15.
737 1965 773 1969 —
799 1945 877 1979 Lev.
902 1944 953 1985 26,
977 1954 1028 1988 27.
1046 1946 1095 1979 28.
1121 1965 1158 1969 —
1184 1950 1205 1979 4
1228 1946 1280 1979 Ps.
1309 1956 1355 1988 17,
1373 1945 1423 1979 26.
1443 1956 1494 1988 27.
1522 1964 1557 1970 -
1582 1949 1603 1981 8
1626 1945 1639 1978 1
1663 1945 1780 1979 Thess.

453 2019 459 2022 -
484 2003 524 2034 10
548 2000 561 2033 1
581 2000 661 2033 Cor.
690 2009 718 2039 1,
745 2009 799 2040 10;
822 2000 904 2043 Eph.
928 2008 960 2040 4,
982 2008 1013 2040 4.
1038 2019 1075 2023 -
1104 2003 1143 2034 19
1166 2000 1269 2033 Exod.
1297 2000 1344 2033 ¹8.
1371 2019 1407 2023 —
1433 2003 1473 2034 21
1499 1999 1608 2033 [Cor.
1632 1998 1663 2039 6,
1691 2000 1781 2033 1—8.

452 2084 646 2128 πορεύεσθε
672 2096 701 2126 a,
731 2082 956 2130 πορεύεσθαι
979 2096 1010 2126 ο,
1044 2084 1288 2129 πορεύσεισθε
1313 2097 1344 2130 Ρ,
1377 2090 1414 2127 -ὶ-
1439 2084 1527 2128 πρὸς
1549 2087 1594 2128 μὲ
1618 2096 1635 2119 a
1659 2085 1750 2119 Lxx
1776 2088 1779 2127 ξ

469 2139 558 2182 πρὸς
581 2137 676 2182 ὖμᾶς
699 2151 718 2184 p
744 2151 764 2172 v
790 2142 795 2182 Ι
820 2144 840 2174 4
862 2142 925 2174 καὶ
947 2137 1038 2182 μετὰ
1061 2137 1095 2175 ἅ.
1119 2137 1153 2174 α’.
1178 2137 1240 2183 ἔσῃ
1265 2145 1308 2179 >
1333 2151 1353 2184 p
1378 2152 1398 2172 v
1425 2142 1429 2181 ξ
1455 2143 1476 2174 6
1499 2139 1656 2174 ἐπαίνων
1679 2140 1705 2172 b*
1722 2150 1743 2173 0
1774 2142 1780 2182 1

457 2205 474 2228 ε
497 2205 518 2238 p
542 2205 562 2226 v
587 2197 593 2234 Ι
619 2193 663 2228 ἐκ
688 2205 695 2226 :
719 2190 789 2228 ὑπὸ
813 2204 833 2238 p
857 2206 877 2226 v
902 2196 909 2236 Ι
932 2197 954 2228 8
976 2197 1181 2236 συμπαθεῖς
1205 2213 1243 2217 —
1267 2191 1359 2236 μετά
1389 2205 1397 2227 z
1425 2189 1474 2233 ὥς
1496 2205 1603 2235 συμπ.
1627 2195 1688 2227 καὶ
1711 2197 1783 2236 φιλ.

472 2252 492 2283 9
516 2250 772 2290 ποιμαίνοντες
787 2259 806 2292 p
824 2259 844 2280 v
864 2250 869 2290 l
892 2252 933 2283 10
947 2251 1020 2282 τῶν
1036 2245 1154 2283 αὐτῶν
1173 2260 1179 2281 :
1197 2244 1341 2282 πάντων
1357 2249 1376 2280 b
1392 2259 1414 2281 ο
1432 2249 1437 2290 Ι
1461 2252 1501 2282 14
1525 2245 1714 2283 εὖθυνᾰτω
1730 2249 1750 2280 b
1776 2249 1780 2290 Ι

467 2313 488 2335 ο
506 2304 511 2345 1
535 2306 575 2336 15
598 2298 697 2344 παρά
714 2314 722 2334 :
740 2304 801 2336 καὶ
824 2302 844 2335 b
861 2312 882 2336 o
902 2304 906 2343 Ι
928 2299 1083 2345 Χριστός
1105 2313 1114 2336 :
1138 2300 1262 2346 κύριος
1283 2314 1302 2335 a
1323 2304 1326 2342 ῑ
1349 2306 1389 2336 16
1411 2300 1546 2345 πατρὸς
1564 2305 1599 2342 -1-
1618 2299 1660 2335 τὸ
1683 2304 1784 2343 δημι·

457 2353 1783 2400 ιιαίῑιττοῦ>ινοι19ὁ>ρνιἸοθώρὴὴεῑωόὸρορν,

471 2414 514 2444 22
538 2410 579 2444 ἐκ
605 2423 612 2443 ;
638 2412 699 2443 καὶ
723 2410 743 2443 b
767 2420 788 2443 0

474 2503 550 2543 “On
571 2508 642 2551 χρὴ
659 2506 723 2542 τὸν
739 2506 909 2542 διάκονον
930 2507 1005 2542 ἐπι-
1072 2508 1128 2547 IV¹
1150 2509 1220 2541 188.
1245 2527 1284 2531 —
1309 2504 1417 2549 ψυχή]
1442 2508 1503 2539 καὶ
1526 2503 1697 2548 αἴσθησις
1721 2508 1784 2539 τοῦ

457 2575 476 2595 ν
496 2561 539 2597 τὸ
561 2560 681 2606 βάρος
701 2566 776 2596 τῶν
798 2560 1007 2597 ἐπισκόπων
1072 2558 1273 2596 ἐπισκόπου
1300 2561 1456 2594 diaconus
1487 2559 1568 2592 infra
1602 2559 1655 2599 111,
1687 2568 1736 2602 19,
1765 2558 1785 2591 6

452 2613 574 2652 θόνειν
592 2615 636 2650 τὰ
652 2613 869 2660 κουφότερα.
903 2616 1005 2655 Quod
1072 2626 1146 2649 esse
1168 2617 1303 2649 iubetur.

471 2671 592 2704 debeat
622 2670 794 2703 sublevare
824 2680 907 2703 onus
936 2670 1007 2714 epi·
1116 2669 1216 2703 XLV.
1238 2664 1313 2703 “On
1336 2667 1385 2711 μὴ
1409 2671 1595 2711 προσῆκον
1617 2669 1786 2708 Χριστια-

459 2725 599 2769 negotia
622 2724 748 2757 leviora
770 2724 918 2769 dirigere.
1074 2729 1148 2763 νοῖς
1176 2720 1373 2766 α’ντιλογιάι
1410 2724 1471 2756 καὶ
1500 2721 1785 2763 διαπληκτισαοί.

453 2776 618 2821 νθαλμός]
666 2779 812 2822 episcopi
850 2779 1007 2812 diaconus
1074 2777 1178 2816 Quod
1193 2776 1385 2810 Christianis
1409 2787 1476 2809 non
1492 2774 1688 2809 conveniant
1707 2784 1785 2807 con-

456 2833 601 2878 pellatur
630 2832 734 2876 Epist.
758 2832 939 2867 Clementis
968 2832 1008 2865 ad
1073 2831 1253 2865 troversiae
1267 2836 1300 2864 et
1312 2830 1551 2864 altercationes.
1564 2848 1603 2852 —
1618 2828 1669 2862 cf.
1681 2828 1787 2860 clem.

465 2899 494 2920 c.
516 2896 576 2927 ¹23
596 2886 671 2919 Isid.
695 2885 801 2920 Pelus.
823 2886 882 2931 Ep.
907 2887 931 2927 1,
950 2895 1007 2930 293
1075 2886 1127 2919 Al.
1150 2886 1270 2919 Strom.
1294 2885 1365 2923 Vn,
1392 2892 1441 2925 14,
1465 2883 1603 2924 84—85-
