2457 3436
697 365 1011 396 coxsnwwoxns
1041 366 1309 396 APOSTOLORUM
1337 367 1386 404 w,
1414 368 1467 405 20,
1490 369 1606 400 ἰ’-ιι.
1819 359 1898 398 353

452 466 544 514 κενῆς
572 460 815 515 ἠξιώθησαν
842 462 1083 503 ἐπακοῦσαι·
1124 467 1278 504 τοῦτον
1305 461 1595 517 ,ἄπηρνήσαντο
1623 464 1808 513 εἰπόντες
1835 470 1898 523 351}

452 527 577 578 αρῶν·
610 529 824 582 ,,Ποίησον
856 524 952 580 ἡμῖν
986 526 1122 576 θεούς,
1164 527 1206 568 οἳ
1240 526 1597 580 προπορεύσονται
1636 526 1793 581 ἧμῶν“,
1831 533 1897 571 καὶ

452 594 729 646 ιοσχοποίησαν
759 591 969 644 χωνευτὸν
1003 593 1072 633 καὶ
1108 590 1266 633 ἔθυσαν
1299 596 1360 643 τῷ
1388 591 1565 645 εἰδώλῳ·
1602 592 1665 634 διὸ
1695 592 1898 647 ὀργισθεὶς

469 656 576 706 θεός,
605 652 677 698 ὅτε
696 655 982 710 ἄχαριστηθεὶς
1000 655 1075 697 ὑπ’
1093 655 1248 706 αὐτῶν,
1276 656 1417 711 ἔδησεν
1437 653 1590 706 αὐτοὺς
1613 659 1772 710 δεσμοῖς
1800 657 1898 699 α’λύ-

452 736 511 771 εις,
536 722 726 771 στιβαίσει
753 725 983 774 φορτισμοῦ
1009 723 1078 763 καὶ
1106 720 1352 776 σκληρότητι
1380 726 1538 764 κλοιοῦ.
1595 735 1633 775 7.
1662 725 1730 763 καὶ
1760 721 1898 765 ου’κέτι
1943 731 1963 763 5

452 784 539 828 ἷκεν·
573 785 694 836 „mv
728 787 772 828 δὲ
805 789 966 838 ποιῇς“,
1000 783 1119 828 ‹inci-
1154 789 1364 841 ,,Ποιήσον
1400 786 1693 839 θυσιαστήριον
1720 789 1787 829 καὶ
1820 792 1898 829 θῦε

452 854 644 905 quezin-‘2
668 850 913 910 fulvidum,
950 851 1026 904 γὰρ
1063 849 1272 905 τυγχάνεις
1306 854 1374 910 καὶ
1410 851 1642 910 ἀχάριστος·
1684 851 1898 894 ὁλοκαύτει

453 910 495 958 ὗν
522 922 709 968 συνεχῶς,
744 914 793 957 ἵν’
822 913 1110 969 ὑπομιμνήσκῃ
1141 929 1240 967 μου·
1297 917 1334 958 8.
1369 916 1507 967 ἐπειδὴ
1542 917 1621 976 γὰρ
1653 922 1706 968 τῇ
1738 917 1900 977 &gv—dig

452 986 552 1030 πῶς
575 980 803 1033 α’πεχρὴσω,
837 980 1020 1035 ἀνάγκην
1047 981 1257 1035 ἑπιτίθημί
1285 993 1350 1022 σοι
1378 982 1542 1032 λοιπόν,
1570 985 1638 1023 καὶ
1665 982 1899 1034 βρωμάτων

452 1044 569 1099 ’,ιστῶ
586 1047 760 1088 τοιῶνδε
788 1048 858 1087 καὶ
875 1045 998 1098 ζώων
1024 1045 1307 1098 σοιδιαφορὰς
1326 1050 1527 1099 καθαρῶν
1553 1048 1621 1088 καὶ
1643 1043 1899 1099 ἀκαθάρτων
1924 1055 1963 1085 10

452 1111 706 1163 Ιιωτέλλομαι,
741 1112 877 1152 καίτοι
909 1110 1069 1159 παντὸς
1102 1111 1215 1163 godon
1247 1115 1379 1153 καλοῦ
1413 1110 1690 1164 τυγχάνοντος
1722 1109 1796 1153 ἅτε
1826 1109 1900 1153 ὑπ’

452 1176 520 1235 'Q‘
530 1172 760 1234 γενομένου·
790 1188 828 1228 9.
848 1177 917 1217 καὶ
931 1174 1185 1230 α’φορισμοὺς
1198 1176 1387 1217 τοιούσδε
1406 1188 1471 1217 σοι
1490 1175 1752 1227 προστάσσω,
1771 1182 1899 1219 καθα-

452 1240 590 1293 ρισμοός,
618 1246 765 1293 συνεχῆ
791 1243 1060 1293 βαπτίσματα,
1084 1240 1341 1295 ραντισμούς,
1372 1238 1533 1291 ἁγνείας
1555 1241 1729 1290 τοιάσδε,
1758 1240 1899 1295 α’ργὶας

452 1295 755 1356 &dewy——
692 1318 752 1347 10.
773 1307 842 1347 καὶ
860 1305 1026 1347 τούτων
1044 1304 1110 1357 ἐφ’
1123 1304 1295 1358 ἑκάστῳ,
1315 1305 1388 1347 ἐὰν
1404 1305 1679 1358 παρακούσῃς,
1700 1309 1898 1358 τιμωρίαν

452 1365 543 1421 »οἰζω
565 1368 620 1419 ὥς
646 1371 786 1422 οἰκέτῃ
814 1370 988 1418 α’πειθετ,
1025 1369 1142 1419 ὅπως
1168 1371 1407 1422 πιεζόμενος
1440 1372 1509 1411 καὶ
1535 1368 1619 1412 ὑπὸ
1646 1377 1724 1413 τοῦ
1747 1361 1899 1413 κῙο-ιῖῦ
1924 1378 1963 1410 15

452 1429 630 1493 ξ-ῃ-όμενος
656 1441 730 1487 τῆς
747 1436 960 1477 πολυθέου
977 1435 1136 1489 πλάνης
1162 1436 1318 1487 ἐκστῇς,
1347 1451 1414 1476 και
1440 1438 1582 1494 παρεὶς
1608 1426 1763 1478 *cd—*²
1687 1451 1830 1485 ,,ουτοι
1859 1437 1898 1478 οἱ

452 1502 520 1541 θεοὶ
533 1512 612 1550 σου,
635 1497 824 1552 Ἰσραήλ“
840 1499 1111 1553 ὑπομνησθῇς
1127 1499 1178 1542 τὸ
1200 1500 1364 1550 ,,ἅκουε,
1389 1497 1557 1553 Ἰσραήλ,
1580 1500 1734 1552 κύριος,
1755 1499 1778 1542 ὃ
1799 1501 1899 1548 θεός

452 1575 506 1605 σου
528 1565 656 1615 κύριος
683 1563 741 1613 εἷς
760 1563 912 1615 ἐστιν’,
940 1567 1007 1607 καὶ
1036 1562 1267 1617 ἂναδράμῃς
1294 1565 1360 1607 ἐπ’
1377 1566 1535 1607 ἐκεῖνον
1563 1565 1641 1607 τὸν
1663 1565 1795 1624 νόμον
1822 1566 1898 1607 τὸν

452 1625 505 1668 ὕπ’
523 1629 609 1681 ἐμοῦ
640 1634 689 1682 τῇ
715 1629 835 1681 φύσει
868 1631 1180 1684 καταβληθέντα
1212 1634 1340 1672 πᾶσιν
1372 1629 1635 1683 α’νθρώποις·
1670 1629 1742 1672 ἕνα
1767 1630 1898 1683 μόνον

453 1689 607 1746 ὑπάρχειν
640 1696 743 1738 θεὸν
776 1696 822 1737 ἐν
850 1694 1018 1749 οὐρανῷ
1044 1697 1114 1736 καὶ
1140 1697 1206 1737 ἐπὶ
1231 1700 1318 1748 γῆς,
1353 1697 1421 1736 καὶ
1454 1699 1608 1737 τοῦτον
1640 1693 1830 1748 ,,ἀγαπᾶν
1856 1697 1900 1747 ἐξ
1922 1707 1965 1738 20

453 1753 526 1811 ὅλης
547 1764 607 1812 τῆς
624 1762 793 1812 καρδίας
812 1762 879 1802 καὶ
897 1761 941 1812 ἐξ
957 1759 1056 1815 ὅλης
1073 1766 1147 1812 τῆς
1167 1759 1303 1813 ἰσχύος
1321 1764 1389 1801 καὶ
1407 1761 1451 1811 ἐξ
1470 1759 1567 1819 ὅλης
1586 1765 1658 1812 τῆς
1675 1763 1898 1810 διανοῖας“,

455 1823 504 1863 καὶ
524 1825 617 1875 πλὴν
643 1823 772 1867 αὐτοῦ
805 1826 858 1877 μὴ
885 1830 1103 1877 φοβεῖσθαι
1132 1824 1273 1874 ἄλλον,
1307 1825 1406 1878 μήτε
1437 1825 1569 1884 ὄνομα
1597 1831 1713 1867 θεῶν
1748 1825 1899 1878 ἑτέρων

457 1887 504 1927 ἐπὶ
457 1890 691 1947 κδιανοίας
731 1890 949 1943 λαμβάνειν
982 1891 1082 1943 μήτε
1119 1892 1341 1943 προφέρειν
1376 1890 1539 1943 γλώσσῃ
1580 1890 1646 1932 διὰ
1685 1892 1898 1942 στόματος.

462 1963 505 1993 11.
526 1954 579 1995 διὰ
602 1956 677 2008 γὰρ
704 1954 782 2009 τὴν
810 1957 1134 2009 σκληροκαρδίαν
1159 1952 1299 1997 αὐτῶν
1326 1956 1517 2009 ἐπέδησεν
1547 1956 1712 2006 αὐτούς,
1741 1956 1808 1998 ι’να
1836 1948 1903 1998 διᾶ

459 2021 513 2057 τσῦ
532 2019 636 2061 θύειν
654 2022 723 2061 καὶ
752 2016 888 2073 ἀργεῖν
906 2022 975 2061 καὶ
994 2019 1228 2074 ἁγνίζεσθαι
1248 2022 1316 2062 καὶ
1344 2019 1396 2062 τὰ
1414 2021 1553 2062 τοιάδε
1575 2027 1900 2075 παρατηρεῖσθαι
1923 2031 1965 2062 25

460 2081 532 2129 εἰς’
517 2098 662 2126 εννοιαν
690 2085 873 2126 ἔλθωσιν
840 2089 983 2144 -τοῦ
1009 2090 1116 2127 θεοῦ
1141 2090 1220 2127 τοῦ
1255 2091 1385 2144 ταῦτα
1372 2087 1733 2145 διαταξάμενοι»
1748 2086 1900 2135 αὐτοῖς

461 2160 623 2173 *—

533 2195 551 2225 2
563 2192 660 2227 Exod.
679 2202 729 2235 32,
750 2203 776 2226 1.
793 2213 833 2219 —
848 2197 869 2228 5
886 2193 983 2227 Dent.
1000 2194 1051 2233 28,
1067 2194 1119 2233 48.
1137 2212 1178 2218 —
1193 2196 1214 2228 6
1230 2194 1330 2227 Exod.
1342 2203 1393 2234 20,
1408 2203 1457 2233 24.
1478 2213 1517 2218 —
1534 2194 1587 2228 Cf.
1599 2194 1696 2228 Dent.
1711 2205 1761 2238 27,
1778 2205 1804 2237 5.
1818 2205 1846 2238 7.
1864 2215 1897 2219 -

461 2243 485 2274 ll
502 2243 567 2279 Gen.
592 2257 617 2287 ι,
644 2257 693 2289 3¹·
719 2266 758 2272 —
786 2251 823 2281 16
846 2248 948 2281 Exod.
975 2257 1024 2290 32,
1047 2256 1078 2288 4.
1105 2267 1142 2272 -
1170 2251 1209 2282 17
1235 2248 1332 2288 Deut.
1354 2249 1385 2288 6,
1409 2257 1439 2287 4.
1464 2267 1502 2271 —
1528 2251 1570 2282 20
1594 2249 1691 2282 Deut.
1715 2250 1745 2288 6,
1773 2259 1799 2291 5.

534 2336 547 2365 1
567 2331 719 2368 ἀκοῦσαι
744 2344 767 2366 o
786 2336 791 2375 Ι
811 2337 830 2367 3
853 2331 909 2367 διό
933 2345 939 2366 :
963 2331 1046 2368 τότε
1070 2345 1098 2374 a,
1124 2337 1160 2375 ·†·
1186 2336 1248 2367 καὶ
1271 2344 1292 2366 o
1313 2334 1318 2376 1
1343 2338 1363 2367 4
1389 2331 1474 2373 θεός
1498 2345 1505 2367 ;
1530 2331 1653 2377 κύριος
1675 2334 1695 2366 d
1722 2337 1726 2375 Ι
1753 2339 1771 2368 5
1796 2338 1901 2378 σκλη-

455 2378 541 2427 θᾶῐηιι
563 2399 570 2419 :
591 2384 764 2430 βαρύτητι
789 2387 808 2419 b
830 2388 850 2420 d
875 2398 893 2420 e
916 2398 939 2421 ο
957 2389 964 2430 Ι
982 2392 1002 2422 7
1026 2385 1212 2431 τυγχάνεις
1234 2399 1243 2422 :
1266 2383 1438 2430 ὑπάρχεις
1460 2388 1480 2420 b
1503 2398 1524 2420 ο
1545 2389 1550 2430 Ι
1575 2392 1596 2422 8
1616 2385 1660 2421 ‘lv'
1684 2399 1702 2420 a
1725 2389 1747 2420 h
1771 2400 1778 2420 :
1801 2386 1859 2421 'a'va
1883 2389 1902 2421 b

453 2434 495 2470 de
511 2450 529 2472 o
549 2452 566 2484 p
589 2454 608 2473 v
638 2445 641 2480 Ι
671 2440 817 2487 ἐξουσίᾳ
843 2445 879 2482 -ὶ-
905 2453 972 2476 σου
995 2453 1016 2475 o
1044 2444 1048 2483 Ι
1076 2445 1097 2477 9
1121 2439 1308 2485 ἐπεχρήσω
1331 2443 1351 2474 b
1375 2452 1396 2474 o
1426 2443 1431 2484 1
1462 2445 1502 2476 10
1525 2440 1686 2484 ἀφιστῶν
1709 2443 1728 2474 b
1752 2452 1770 2474 e
1793 2442 1815 2474 h
1838 2453 1859 2475 o
1890 2445 1894 2481 ἰ

453 2493 491 2525 '¹⁰2
506 2498 543 2532 >
559 2496 579 2528 h
597 2497 603 2537 Ι
623 2492 793 2537 καθαρὰς
815 2495 835 2528 d
856 2507 860 2531 ι
883 2500 918 2530 11
944 2499 1058 2531 καλοῦ
1081 2508 1089 2529 :
1113 2499 1280 2539 καθαροῦ
1304 2507 1324 2540 p
1348 2508 1367 2528 v
1386 2498 1392 2537 1
1414 2500 1454 2530 12
1478 2495 1668 2539 γινομένου
1691 2496 1713 2528 h
1733 2497 1737 2535 ἶ
1761 2499 1799 2529 13
1822 2507 1903 2530 συν-

452 2552 518 2587 ἱῑεΐς
535 2560 555 2582 ο
572 2552 578 2590 Ι
598 2547 748 2592 α’ργείας
770 2550 791 2582 h
812 2551 816 2589 1
838 2553 877 2584 15
900 2550 1021 2592 οἰκέτῃ
1046 2561 1054 2583 :
1079 2547 1177 2584 ἔοικε
1201 2562 1243 2593 τη
1266 2561 1294 2591 a,
1319 2549 1346 2584 ἐ.
1362 2553 1414 2584 τῶ
1438 2555 1471 2582 2¹³
1490 2553 1496 2591 Ι
1515 2547 1750 2591 πιεζόμενος-ς
1774 2552 1903 2592 megm-

452 2599 530 2636 ιιένου
548 2615 614 2638 σου
637 2604 658 2636 b
676 2613 698 2636 o
717 2606 723 2644 Ι
745 2607 784 2638 16
807 2602 936 2646 ἐκστῇς
955 2616 988 2638 κ.
1004 2606 1131 2648 παρείς
1146 2616 1153 2637 :
1173 2602 1277 2643 ἐκτὸς
1294 2598 1333 2646 ἧς
1348 2617 1380 2638 κ.
1397 2602 1548 2645 ἐπαφεὶς
1566 2604 1586 2636 b
1604 2613 1625 2636 o
1645 2605 1650 2644 Ι
1670 2601 1710 2636 τὸ
1731 2607 1767 2644 -†-
1785 2603 1904 2646 λέγειν

452 2662 492 2688 ³0
515 2658 520 2698 Ι
550 2661 587 2691 17
611 2655 747 2701 Ἰσραὴλ
771 2661 808 2698 -4-
834 2660 895 2692 acal
917 2658 939 2690 h
966 2659 972 2700 Ι
997 2654 1233 2703 ὗπομνησθῇς
1256 2670 1263 2691 :
1288 2659 1409 2696 -σθεὶς
1432 2668 1450 2691 e
1473 2658 1495 2690 h
1518 2668 1550 2698 ο,
1575 2661 1613 2698 -4-
1638 2657 1676 2691 δὲ
1700 2660 1751 2691 τῶ
1773 2661 1837 2693 τοῦ
1859 2662 1904 2692 κῦ

452 2717 492 2744 ὀυ
517 2711 533 2743 b
560 2722 582 2744 o
613 2714 619 2753 1
652 2715 692 2747 19
720 2714 829 2745 πᾶσιν
857 2724 865 2745 :
892 2717 967 2752 τοῖς
995 2725 1030 2747 π.
1060 2724 1079 2746 a
1108 2716 1115 2755 Ι
1148 2710 1355 2755 ἀνθρώποις
1381 2716 1419 2752 -1-
1444 2708 1515 2745 dnh
1543 2715 1748 2755 καταβολῆς
1774 2711 1905 2750 παντὸς

452 2760 557 2805 ’όσμου
578 2776 600 2799 o
620 2768 626 2807 1
646 2769 689 2800 20
711 2767 773 2800 καὶ
796 2776 851 2799 sec
865 2771 909 2805 >
927 2777 946 2800 e
965 2769 970 2807 Ι
990 2770 1030 2801 21
1054 2770 1175 2810 τῆςῬῐ
1191 2771 1235 2805 >
1252 2777 1273 2799 ο
1293 2770 1298 2809 Ι
1318 2769 1412 2803 21123
1435 2767 1594 2805 διανοίας
1613 2785 1651 2790 -
1668 2765 1727 2800 ἐπὶ
1744 2771 1788 2805 >
1805 2766 1824 2799 b
1848 2777 1868 2800 0
1893 2768 1897 2808 1

453 2820 470 2851 3
487 2822 537 2862 τῆι
561 2817 700 2863 γλώττῃ
724 2820 746 2852 h
771 2824 776 2861 Ι
803 2818 860 2854 διὰ
883 2831 938 2855 στ.
960 2818 1104 2864 γλώσσῃ
1129 2833 1149 2865 p
1174 2833 1194 2852 v
1219 2823 1224 2862 Ι
1251 2824 1293 2854 24
1316 2817 1436 2855 αὐτῶν
1456 2824 1500 2859 >
1525 2820 1544 2852 b
1567 2830 1589 2852 0
1615 2822 1619 2860 Ι
1644 2824 1685 2854 25
1709 2818 1752 2853 τὰ
1774 2825 1818 2859 >
1843 2820 1863 2852 d
1892 2820 1898 2864 Ι

453 2874 547 2908 θεοῦ
572 2885 651 2917 pra
676 2885 683 2906 :
707 2874 1160 2917 mbo,>re1119.tof›
1185 2886 1192 2907 :
1219 2877 1295 2909 θεώ·
1318 2877 1368 2908 τιῦ
1391 2871 1448 2917 (τὸ
1472 2874 1507 2916 b)
1531 2875 1595 2908 bo

487 2927 605 2968 Post,
628 2929 757 2962 Dmsc.
780 2938 817 2962 rr
840 2929 985 2963 Cossum.
1010 2940 1060 2963 ΑΡ.
1105 2930 1128 2963 Ι.
1735 2930 1775 2960 23
