2457 3436
746 369 1011 400 uosrononuu
1041 370 1105 408 vn,
1128 371 1181 408 47,
1204 370 1322 408 3-48,
1346 372 1376 403 3.
1727 362 1807 401 457

452 479 579 507 :amus
607 473 660 516 te,
696 465 904 508 adoramus
931 473 971 508 te
1004 479 1075 520 per
1103 479 1290 519 magnum
1320 465 1564 520 pontificem,
1599 474 1639 508 te
1668 480 1806 508 verum

452 564 458 577 .
487 530 707 584 ingenitum
732 544 869 581 unum,
892 530 1021 572 solum
1048 531 1304 580 inaccessum,
1334 538 1493 585 propter
1513 545 1698 585 magnam
1721 529 1806 585 glo-

453 609 561 645 uam,
587 595 763 637 Domine
792 609 860 637 rex
879 595 1066 646 caelestis,
1091 595 1199 637 Deus
1218 602 1326 649 pater
1346 597 1621 649 omnipotens;
1669 609 1702 648 3.
1722 596 1806 638 Do-

457 660 581 710 Deus,
621 668 729 714 pater
765 660 925 710 Christi,
962 661 1052 714 agni
1090 659 1341 711 immaculati,
1381 660 1447 714 qui
1480 660 1578 701 tollit
1610 668 1805 715 peccatum

452 739 466 764 .·
493 724 645 779 suscipe
673 724 991 779 deprecationem
1013 732 1201 776 nostram,
1225 726 1290 780 qui
1313 724 1414 766 sedes
1440 733 1550 779 super
1580 724 1782 766 Cherubim
1789 740 1807 775 ;

452 803 501 830 tm
527 797 571 831 tu
599 789 706 831 solus
734 796 903 841 sanctus,
937 797 979 831 tu
1007 789 1116 831 solus
1145 789 1343 831 Dominus
1370 789 1491 840 Iesus,
1522 789 1701 831 Christus
1728 790 1805 832 Dei

452 867 516 895 sae
534 862 693 896 naturae
712 862 876 906 creatae,
905 855 1008 908 regis
1028 855 1166 905 nostri,
1195 869 1266 910 per
1283 868 1402 909 quem
1430 854 1498 896 tibi
1522 854 1645 907 gloria
1674 854 1806 897 honor

452 920 570 960 oratio.

452 982 598 1025 :LVIIL
636 983 824 1034 Laudatc,
856 985 981 1038 pueri,
1017 984 1236 1033 Dominum,
1277 983 1432 1025 laudate
1468 998 1598 1025 nomen
1634 983 1803 1025 Domini.

452 1047 597 1090 :damus
625 1056 679 1098 te,
714 1048 874 1103 hymnis
908 1048 1147 1090 celebramus
1181 1057 1234 1100 te,
1268 1048 1537 1090 benedicimus
1571 1056 1611 1090 te
1643 1055 1804 1104 propter

452 1128 497 1154 zm
532 1113 698 1166 gloriam
734 1120 855 1164 tuam,
902 1114 1078 1155 Domine
1113 1127 1194 1164 rex,
1228 1122 1337 1167 pater
1371 1113 1529 1164 Christi,
1566 1114 1803 1156 immaculati

452 1179 511 1232 qui
535 1177 632 1219 tollit
657 1186 850 1233 peccatum
868 1179 1024 1228 mundi;
1067 1191 1101 1232 3.
1127 1186 1168 1220 te
1188 1178 1299 1220 decet
1327 1179 1422 1230 laus,
1451 1186 1485 1220 te
1512 1179 1611 1222 decet
1634 1179 1802 1234 hymnus,

455 1250 492 1284 et
519 1243 655 1297 gloria,
690 1243 819 1285 Deum
851 1251 889 1285 et
916 1251 1066 1297 patrem
1101 1257 1171 1298 per
1200 1243 1321 1285 filium
1360 1244 1399 1285 in
1428 1244 1563 1297 spiritu
1597 1251 1733 1285 sancto
1762 1244 1802 1285 in

452 1361 570 1404 ἕφυγα·
587 1361 732 1402 όίδαξόι·
741 1374 788 1402 με
802 1360 934 1405 τοῦ(τό
946 1363 1024 1405 Ac.)

454 1413 493 1448 τὸ
517 1413 658 1458 θέλημά
682 1426 762 1457 σου,
793 1410 847 1449 ὅτι
878 1414 923 1451 σύ
947 1413 981 1451 εἶ
1004 1412 1024 1450 6

452 1479 509 1503 ov·
531 1464 586 1503 ὅτι
609 1467 707 1512 παρά
731 1480 788 1503 σοι
804 1468 901 1514 πηγὴ
918 1473 1023 1514 ζωῆς,

454 1524 520 1557 ωτί
529 1535 596 1558 σου
613 1521 784 1566 ὀψόμεθα
799 1528 885 1565 φῶς.
909 1522 1024 1567 παρά-

452 1574 482 1618 τῤ
494 1574 594 1617 ἔλεός
610 1588 678 1612 σου
696 1583 770 1617 τοῖς
785 1576 1025 1622 γει-ώσκουσίι·

453 1643 529 1674 γιος
555 1627 577 1665 6
607 1628 708 1673 θεός,
736 1626 839 1675 ἅγιος
867 1629 1022 1675 ἰσχυρός,

456 1682 623 1727 θάνατος,
644 1685 795 1728 ἐλέησον
811 1683 912 1728 ἡμᾶς.
935 1687 985 1720 Ac
997 1687 1022 1729 ).

452 1739 552 1773 rmula
564 1749 604 1772 ex
617 1740 717 1773 tribus
730 1740 873 1783 partibus
884 1746 1023 1780 constat,

464 1793 505 1826 ad
534 1793 711 1828 sonnulam
743 1793 1023 1828 Constitutionum

453 1875 455 1879 ,
491 1847 570 1880 Pars
593 1848 697 1891 prima
721 1853 830 1881 autem
854 1849 925 1892 ipsa
947 1858 1023 1881 cum

472 1902 647 1943 consentit,
671 1912 753 1946 quae
769 1902 934 1936 codicibus
952 1913 985 1935 m
1002 1914 1022 1935 v

474 1956 536 1989 nisi
551 1956 640 2000 quod
655 1967 685 1989 v.
706 1964 721 1999 3
740 1956 773 1989 in
791 1956 906 1990 codice
921 1956 1022 1989 Alex-

458 2010 555 2043 verba
571 2009 720 2052 ἐλέησον
733 2006 823 2053 ἡμᾶς
835 2011 934 2044 etiam
946 2015 1021 2044 ante

452 2068 501 2104 ξαι
518 2055 691 2108 leguntur,
705 2064 737 2097 in
753 2064 929 2097 Acoluthia
951 2064 1021 2097 lau-

453 2128 508 2151 ura
542 2118 641 2151 verba
676 2118 803 2152 desunt.
848 2117 1021 2151 Formulae

452 2184 458 2204 ι
478 2182 511 2205 m
529 2183 548 2204 v
572 2171 687 2206 similis
710 2178 761 2206 est
784 2172 923 2205 tot-mula
940 2172 1019 2205 Mis-

453 2226 612 2266 :owensis‚
653 2227 738 2269 quod
775 2226 1020 2271 publicaverunt

452 2306 456 2317 .
483 2280 546 2313 The
564 2280 700 2323 Liturgy
714 2281 779 2313 and
795 2281 906 2314 Ritual
926 2281 964 2323 ⁰s
973 2281 1021 2313 the

452 2334 543 2368 burch
559 2334 652 2374 1881,
664 2334 736 2367 Mac
749 2334 884 2379 Carffly,
903 2334 1020 2367 Trans-

453 2388 516 2421 ''the
530 2388 634 2431 Royal
642 2388 723 2421 Irish
730 2388 885 2432 Academy
896 2388 1020 2422 XXVII

460 2442 643 2485 136—268,
667 2442 795 2482 Probst,
818 2443 883 2476 Die
905 2443 1020 2476 abend-

453 2508 461 2528 ε
477 2496 581 2529 Messe
599 2495 682 2539 1896
697 2507 727 2540 p.
743 2505 882 2539 43—55.
915 2497 1018 2541 Hym-

451 2550 473 2583 d
497 2550 732 2584 Occidentales
753 2550 818 2584 iam
837 2551 963 2595 pridem
986 2551 1019 2584 in

452 2614 527 2638 cum
539 2604 720 2644 obtinebat,
735 2604 820 2648 apud
831 2605 1019 2638 Orientales

452 2668 473 2692 ο
495 2666 528 2691 et
547 2658 680 2702 quidem
697 2659 729 2691 in
745 2658 916 2692 Laudibus.
954 2659 1018 2692 lta-

452 2722 498 2745 res
521 2711 735 2745 recensiones
757 2712 855 2746 hodie
874 2719 1018 2753 exstant;

452 2772 522 2799 tem
547 2776 681 2810 prorsus
696 2766 821 2810 integra
835 2766 888 2800 vel
905 2768 1017 2811 primi-

452 2820 549 2854 naberi
590 2826 710 2864 potest.
755 2820 806 2854 Cf.
843 2822 949 2854 Revue
979 2822 1018 2853 de

461 2875 600 2908 chre'eien
622 2873 667 2907 1v
683 2874 810 2919 (1899),
833 2875 1016 2919 280—290.

1134 1372 1164 1396 2.
1188 1360 1246 1396 διὰ
1268 1366 1332 1397 τοῦ
1355 1361 1518 1407 μεγάλου
1541 1360 1620 1406 doz.
1635 1382 1676 1388 —
1694 1360 1802 1406 α’πρὸ-

1090 1428 1191 1451 σιτον
1217 1414 1343 1460 μόνον]
1378 1417 1467 1451 Haec
1497 1417 1595 1451 verba
1623 1417 1739 1451 desunt
1768 1418 1802 1450 in

1090 1471 1335 1504 recensionibus
1363 1471 1494 1515 reliquis
1528 1477 1561 1504 et
1591 1470 1677 1504 haud
1706 1471 1802 1505 dubie

1091 1524 1325 1558 Constitutoris
1338 1531 1412 1558 sunt
1424 1524 1482 1567 (cf.
1495 1524 1536 1566 11,
1545 1533 1640 1567 25‚7;
1654 1525 1693 1565 V,
1705 1526 1736 1565 6,
1747 1535 1802 1565 ιο;

1090 1579 1144 1619 VI,
1165 1588 1213 1619 1¹,
1233 1588 1286 1619 ¹03
1309 1588 1357 1621 30,
1373 1588 1410 1621 73
1426 1579 1497 1618 V11,
1514 1579 1562 1621 38,
1580 1579 1630 1621 3);
1646 1577 1745 1612 altera
1762 1588 1802 1612 ex

1090 1639 1180 1677 parte
1208 1633 1281 1666 illae
1310 1632 1417 1666 verbis
1451 1632 1728 1675 προσκυνοῦμέν
1758 1643 1801 1667 σε

1089 1686 1210 1720 addunt
1233 1685 1516 1730 εὐχαριστοῦμέν
1538 1697 1607 1720 σοι.

1134 1750 1162 1783 3.
1192 1738 1294 1783 κύριε
1318 1737 1338 1775 6
1362 1743 1398 1774 θ.
1420 1737 1442 1774 6
1466 1738 1582 1783 πατὴρ
1605 1759 1644 1764 -
1670 1738 1800 1783 α’μνοῦ]

1088 1795 1312 1828 Recensiones
1334 1795 1477 1839 reliquae
1492 1795 1628 1828 habent:
1653 1791 1755 1836 κύριε
1781 1791 1800 1828 ὁ

1091 1846 1189 1891 θεός,
1214 1846 1233 1883 6
1257 1846 1369 1890 ἀμνὸς
1385 1852 1448 1883 τοῦ
1470 1852 1572 1890 θεοῦ,
1596 1844 1616 1883 6
1638 1846 1714 1888 υἱὸς
1736 1851 1800 1883 τοῦ

1087 1901 1220 1945 πατρός
1265 1902 1322 1946 (cf.
1362 1913 1458 1946 supra
1496 1902 1635 1936 formula
1678 1902 1800 1936 codicis

1088 1957 1325 1999 Alexandrini).
1371 1956 1483 2000 Itaque
1513 1957 1577 1990 hoc
1600 1956 1677 1990 loco
1698 1956 1800 1989 filium

1087 2010 1261 2055 appellant,
1308 2009 1515 2044 Constitutor
1552 2016 1662 2044 autem
1702 2011 1799 2044 etiam

1088 2071 1223 2109 patrem.
1254 2083 1294 2089 ——
1322 2067 1387 2098 τοῦ
1412 2067 1504 2099 θεοῦ
1525 2077 1560 2099 n.
1585 2077 1617 2108 y.
1641 2062 1800 2108 φύσεως]

1085 2118 1176 2151 Haec
1197 2128 1327 2162 quoque
1343 2118 1423 2151 mihi
1438 2118 1699 2152 Constitutorem
1722 2129 1797 2162 pro-

1086 2173 1163 2206 dere
1175 2172 1333 2212 videntur,
1347 2183 1487 2216 eumque
1499 2173 1652 2206 hocloco
1663 2183 1798 2206 manum

1085 2227 1212 2271 hymno
1241 2226 1359 2260 tradito
1381 2227 1574 2270 apposuisse
1604 2228 1735 2268 insuper
1758 2237 1797 2259 ex

1086 2290 1128 2313 eo
1150 2287 1293 2324 apparet,
1317 2281 1403 2324 quod
1428 2281 1534 2314 oratio
1549 2290 1616 2313 non
1633 2287 1722 2313 recta
1738 2287 1797 2313 est.

1081 2330 1118 2368 ‘0
1142 2333 1229 2373 θεὸς
1258 2332 1375 2377 πάσης
1405 2347 1444 2378 y..
1461 2331 1605 2376 φύσεως
1634 2341 1682 2367 est
1708 2334 1797 2367 Deus

1086 2394 1188 2431 pater,
1207 2384 1227 2422 6
1242 2386 1414 2432 βασιλεὺς
1432 2384 1533 2430 ἡμῶν
1547 2388 1641 2421 filius.
1673 2388 1799 2421 Auctor

1087 2449 1196 2475 autem
1225 2443 1404 2476 sententias
1440 2443 1482 2476 ita
1512 2442 1681 2481 construit,
1716 2448 1749 2475 ut
1779 2437 1799 2475 6

1084 2494 1257 2539 βασιλεὺς
1290 2493 1393 2539 ἡμῶν
1424 2496 1511 2529 idem
1545 2505 1619 2529 esse
1654 2495 1800 2529 videatur

1086 2561 1160 2584 cum
1186 2550 1258 2584 Deo
1281 2551 1452 2583 universae
1474 2557 1608 2583 naturae
1631 2556 1769 2583 creatae.

1129 2604 1272 2638 XLVIII.
1291 2601 1504 2646 Ἑσπερινός.
1534 2604 1651 2637 Oratio
1666 2615 1797 2649 vesper-

1084 2658 1162 2692 tina.
1175 2677 1211 2682 —
1224 2658 1394 2703 Hymnum
1409 2659 1630 2702 vespertinum
1642 2664 1797 2700 veterem,

1085 2713 1125 2745 ab
1147 2711 1204 2745 illo
1220 2719 1330 2745 autem
1349 2723 1480 2756 prorsus
1499 2711 1714 2753 differentem,
1740 2724 1797 2756 pu-

1083 2766 1212 2799 blicavit
1229 2766 1349 2806 Routh‚
1373 2766 1542 2810 Reliquiae
1565 2777 1676 2800 sacrae
1700 2766 1751 2800 ed.
1768 2766 1797 2800 11

1083 2826 1105 2854 t.
1135 2821 1188 2860 111,
1222 2831 1291 2862 5¹5·
1337 2820 1389 2853 Cf.
1420 2822 1516 2854 etiam
1547 2821 1687 2864 Gregor.
1717 2821 1797 2854 Naz.

1083 2874 1225 2908 Carmen
1254 2884 1302 2917 32.

1847 732 1870 765 5

1829 1056 1871 1087 10
