2457 3436
882 376 1150 407 amerotonun
1176 376 1240 413 vn,
1269 378 1321 416 ss,
1346 379 1439 410 1—5.
1828 366 1908 405 425

515 472 713 514 XXXIII.
747 473 873 514 Porro
900 480 963 514 tot
988 472 1182 527 tantisque
1209 473 1292 514 eius
1320 471 1434 513 bonis
1468 471 1613 526 dignati
1650 471 1841 527 supplices
1871 473 1907 513 ei

452 535 643 588 ficiamnr,
689 538 917 579 invocantes
963 536 1071 579 illum
1111 537 1261 579 assidua
1308 537 1583 591 deprecatione
1621 551 1665 578 ac
1708 536 1905 579 dicentes:

466 601 707 658 (XXXIII).
742 603 913 644 Aeterne
946 601 1113 643 salvator
1141 609 1289 652 noster,
1326 616 1394 642 rex
1421 602 1573 643 deorum
1579 616 1596 651 ;
1629 602 1695 656 qui
1724 601 1830 643 solus
1867 616 1908 643 es

452 668 675 721 mnipoteus
693 681 739 709 ac
758 667 956 718 dominus,
984 667 1094 708 Deus
1123 667 1303 708 omnium
1332 680 1462 708 rerum
1487 674 1526 708 et
1546 666 1651 707 Deus
1679 674 1907 708 sanctorum

452 745 465 773 .·.
491 732 783 787 inculpatorum
811 740 968 786 patrum
1003 740 1225 782 nostrorum,
1265 732 1329 787 qui
1365 731 1521 773 fuerunt
1556 738 1646 773 ante
1681 745 1768 782 nos,
1804 731 1910 772 Deus
1953 739 1975 769 ὅ

452 795 615 839 strabam
651 805 686 837 et
714 797 824 838 Baac
856 804 891 838 ct
917 797 1040 847 Iacob,
1074 799 1282 838 misericors
1317 805 1350 837 et
1384 799 1592 847 miserator,
1622 795 1848 851 longanimis
1876 805 1909 838 et

452 861 557 904 ultae
589 862 879 912 misericordiae,
919 862 981 903 cui
1015 875 1137 904 omne
1172 875 1241 904 cor
1275 868 1380 915 patet
1414 861 1561 903 nudum
1607 869 1644 903 et
1679 862 1809 903 omnis
1844 876 1909 903 oc-

452 926 516 970 ulta
549 927 743 981 cogitatio
778 934 952 982 apparet:
993 925 1041 968 ad
1075 934 1114 968 te
1149 926 1317 968 clamant
1351 928 1504 968 animae
1542 927 1748 976 iustorum,
1788 927 1828 967 in
1870 934 1908 968 te

452 1005 503 1034 >es
533 999 766 1033 sanctorum
800 993 994 1042 nituntur;
1028 999 1136 1045 pater
1174 991 1548 1046 irreprehensorum‚
1583 1000 1624 1033 te
1659 998 1763 1033 recte
1797 992 1908 1033 invo-

452 1056 586 1098 mtium
620 1055 836 1107 exauditor,
870 1057 936 1111 qui
965 1057 1080 1098 etiarn
1110 1058 1244 1098 tacitas
1272 1056 1550 1111 appellationes
1583 1056 1775 1110 intellegis
1804 1056 1908 1110 (per-
1934 1062 1977 1093 10

452 1122 529 1176 ugit
556 1122 669 1163 enirn
689 1135 812 1176 usque
838 1121 885 1162 ad
914 1122 1084 1163 humana
1104 1123 1251 1163 viscera
1280 1121 1524 1175 providentia
1552 1129 1630 1171 tua,
1659 1128 1697 1162 et
1726 1134 1794 1175 per
1814 1135 1909 1162 con-

452 1186 622 1228 ientiam
651 1186 833 1227 scrutaris
863 1186 1161 1241 uniuscuiusque
1191 1184 1470 1241 voluntatem),
1503 1194 1617 1241 atque
1647 1199 1717 1241 per
1744 1199 1908 1228 ornnem

453 1251 621 1306 gionem
653 1250 760 1293 orbis
789 1251 955 1293 mittitur
982 1251 1050 1292 tibi
1078 1251 1295 1306 thymiama
1330 1251 1564 1306 precationis
1592 1265 1636 1293 ac
1664 1265 1908 1292 sermonum.

483 1316 571 1367 Qui
606 1315 805 1357 saeculum
846 1329 1028 1370 praesens
1068 1315 1234 1358 stadium
1272 1316 1440 1358 iustitiae
1477 1316 1687 1366 instituisti,
1725 1315 1909 1357 omnibus

452 1389 543 1423 rtem
564 1381 750 1436 aperuisti
778 1381 933 1422 ianuam
955 1381 1263 1432 misericordiae3
1292 1380 1454 1435 singulis
1472 1395 1569 1422 vero
1591 1381 1815 1422 horninibus
1839 1394 1908 1435 per
1933 1385 1974 1418 15

453 1446 570 1487 sitam
600 1446 876 1499 cognitionem
906 1452 945 1487 et
972 1445 1143 1487 naturale
1174 1445 1357 1487 iudicium
1387 1453 1426 1487 et
1455 1460 1503 1488 ex
1530 1445 1627 1500 legis
1656 1446 1908 1498 instigatione

452 1510 636 1561 nendisti,
665 1509 775 1565 quod
803 1509 1022 1552 divitiarum
1043 1524 1126 1552 non
1156 1518 1215 1552 est
1242 1518 1428 1565 perpetua
1455 1511 1668 1564 possessio,
1697 1511 1908 1551 venustatis

452 1588 498 1616 sn
516 1588 694 1629 perenne
714 1574 847 1625 decus,
875 1575 981 1630 quod
1002 1576 1141 1617 virium
1170 1574 1278 1618 facile
1299 1575 1522 1617 dissolvitur
1540 1574 1754 1626 firmitudo,
1783 1574 1908 1629 quod-

452 1654 492 1681 ιε
517 1654 641 1694 vapor
669 1654 715 1682 ac
741 1642 895 1681 vanitas
921 1649 1056 1681 cuncta
1083 1647 1187 1692 sunt,
1215 1640 1298 1681 sola
1318 1654 1413 1682 vero
1443 1641 1681 1682 conscientia
1709 1638 1802 1680 fidei
1826 1653 1908 1680 non

452 1704 601 1747 :bdolae
644 1713 851 1760 permanet
889 1719 958 1760 per
995 1705 1149 1747 medios
1190 1704 1318 1747 caelos
1357 1719 1445 1746 cum
1485 1705 1643 1746 veritate
1680 1704 1909 1753 ascendens,
1932 1709 1977 1740 20

452 1776 630 1811 mirarum
671 1769 896 1811 deliciarum
932 1769 1131 1812 dexteram
1167 1769 1434 1825 apprehendit,
1473 1769 1589 1810 simul
1623 1777 1661 1811 et
1700 1776 1907 1824 antequam

453 1835 655 1876 remissum
683 1834 844 1876 iteratae
870 1848 940 1889 per
968 1835 1295 1876 resurrectionem
1327 1835 1533 1875 nativitatis
1562 1841 1790 1889 praestetur,
1828 1834 1909 1888 ipsa

453 1899 548 1940 nima
586 1913 656 1954 spe
698 1899 895 1941 exsultans
932 1899 1104 1941 laetatur.
1172 1913 1210 1953 4.
1248 1900 1308 1941 Ab
1349 1901 1462 1941 initio
1496 1901 1621 1949 enim,
1654 1899 1910 1954 progenitore

452 1970 557 2006 nostro
584 1963 782 2006 Abraham
802 1964 904 2005 viam
924 1965 1095 2006 veritatis
1125 1972 1365 2019 capessente,
1395 1978 1485 2005 eum
1510 1964 1733 2018 apparendo
1754 1963 1909 2014 duxisti,

452 2026 579 2078 locens,
606 2028 795 2083 quidnam
826 2037 929 2071 esset
956 2030 1035 2071 hoc
1063 2029 1281 2080 saeculum;
1310 2037 1349 2071 et
1377 2028 1477 2070 illius
1496 2030 1655 2084 quidem
1687 2030 1908 2083 cognitioni
1932 2032 1976 2064 25

452 2093 579 2135 nativit
606 2093 718 2145 fides,
756 2093 847 2135 fidei
876 2102 1005 2136 autem
1035 2107 1283 2149 consequens
1312 2093 1382 2135 fuit
1416 2102 1591 2148 pactum3
1626 2093 1753 2135 dixisti
1784 2095 1909 2135 enim:

452 2154 575 2199 Faciam
600 2173 724 2200 semen
753 2167 858 2200 tuum
886 2160 981 2200 sicut
1006 2159 1136 2200 stellas
1164 2159 1262 2200 caeli
1288 2167 1322 2200 et
1349 2161 1444 2200 sicut
1470 2172 1640 2209 arenam,
1670 2173 1763 2214 quae
1792 2168 1843 2200 est
1872 2161 1909 2199 in

452 2219 530 2263 litore
559 2225 689 2265 maris.
760 2236 796 2276 5.
842 2223 920 2265 Sed
963 2232 1002 2266 et
1038 2224 1142 2266 Isaac
1184 2224 1237 2266 illi
1277 2223 1428 2266 donans
1467 2226 1671 2279 sciensque
1713 2238 1803 2266 eum
1848 2224 1911 2264 ille

452 2326 493 2361 dv
510 2333 660 2374 ετροφῆς
677 2342 696 2364 a
712 2342 732 2365 e
748 2331 771 2364 h
791 2333 795 2373 Ι
815 2329 887 2374 πρὸ
903 2334 966 2366 τοῦ
983 2343 991 2365 :
1009 2329 1155 2375 πρώτου
1173 2342 1191 2365 e
1211 2334 1217 2375 Ι
1236 2344 1423 2375 παραστην
1440 2342 1468 2373 a,
1493 2343 1565 2366 corr
1581 2336 1615 2364 a²
1634 2334 1639 2373 1
1659 2335 1701 2366 23
1717 2330 1782 2374 τὴν
1798 2337 1842 2370 >
1859 2342 1877 2364 a
1903 2333 1908 2374 Ι

452 2382 776 2427 Μουνευφραίνεται
793 2395 813 2418 e
832 2387 836 2427 !
857 2380 1085 2430 ὑπαρχούσης
1100 2386 1120 2419 d
1138 2396 1157 2419 e
1175 2388 1182 2427 Ι
1201 2383 1270 2429 γάρ
1286 2397 1293 2419 :
1308 2385 1343 2420 εἰ
1358 2399 1389 2429 y.
1405 2386 1427 2419 h
1449 2388 1454 2427 1
1473 2390 1515 2421 25
1530 2385 1848 2428 μεταπονουμὲνου
1865 2396 1883 2417 a
1904 2386 1908 2427 ί

452 2435 522 2474 zm
535 2434 716 2482 ὁδηγῆσας
734 2439 756 2473 h
775 2439 781 2482 Ι
801 2441 844 2474 26
861 2433 928 2482 3,τι
951 2443 988 2480 4
1007 2437 1052 2475 σὺ
1070 2440 1092 2472 d
1109 2440 1115 2482 Ι
1134 2443 1235 2483 26127
1258 2438 1430 2483 γνώσεως
1446 2452 1453 2472 :
1470 2442 1624 2479 πίστεως
1640 2450 1658 2472 a
1678 2446 1682 2481 1
1702 2443 1743 2474 27
1767 2441 1884 2479 πίστις
1902 2451 1911 2473 :

452 2493 551 2532 rm’oae
570 2503 590 2526 a
614 2495 620 2534 Ι
644 2495 804 2532 πίστεως
826 2503 835 2528 :
858 2491 1029 2536 γνώσεως
1051 2504 1069 2527 a
1098 2496 1103 2534 Ι
1137 2488 1178 2536 ἦν
1200 2506 1208 2527 :
1233 2494 1384 2537 γέγονεν
1409 2490 1428 2537 ἦ
1452 2496 1581 2535 πίστις,
1610 2497 1673 2536 τῆς
1695 2494 1733 2528 δὲ
1755 2495 1913 2532 πίστεως

452 2534 475 2582 {r
491 2544 770 2591 ἐπακολοῦθημα
794 2558 813 2580 a
832 2551 836 2588 Ι
856 2551 899 2582 30
918 2545 1162 2591 χαρισάμενος
1184 2560 1216 2588 ν,
1239 2558 1258 2582 e
1282 2549 1300 2582 i.
1325 2559 1368 2581 m.
1390 2545 1641 2591 χαρησάμειυς

471 2663 613 2701 xxxin.
665 2665 852 2711 Προσευχῆ
898 2665 1133 2711 ἐξαγγελτικὴ
1198 2668 1274 2701 dern
1298 2667 1445 2701 fidelibus
1468 2668 1520 2701 vel
1544 2667 1710 2711 baptizatis
1743 2670 1910 2712 pronunti-

452 2722 586 2759 ’θοι-σίας
601 2718 792 2764 διαφόρου.
814 2720 931 2755 Oratio
944 2722 1132 2766 praedicans
1199 2722 1327 2761 andam,
1340 2727 1373 2755 ut
1389 2728 1501 2756 auctor
1517 2732 1545 2755 c.
1561 2732 1610 2766 39,
1625 2732 1636 2755 1
1658 2722 1808 2755 distincte
1824 2723 1910 2756 dicit.

453 2773 660 2808 revidentiam
682 2774 817 2809 variam.
1243 2785 1272 2810 2.
1307 2773 1471 2818 ἐλεήμων
1493 2796 1532 2799 --
1563 2775 1768 2819 πολυὲλεος]
1804 2776 1911 2810 Verba

468 2828 712 2870 2—xxxvm,
728 2829 759 2863 8.
795 2828 885 2863 Haec
907 2830 1011 2864 sectio
1034 2840 1133 2863 unam
1200 2831 1299 2862 etiam
1315 2829 1417 2864 Exod.
1438 2839 1486 2873 34,
1503 2829 1523 2864 6
1539 2830 1700 2874 leguntur,
1724 2831 1777 2863 ubi
1801 2837 1914 2864 autem

452 2883 600 2917 ationem
617 2883 809 2917 continuam
827 2883 994 2917 constituit
1012 2889 1045 2917 et
1063 2883 1133 2928 qui·
1200 2883 1396 2927 οἰκτίρμων
1411 2891 1485 2918 aute
1499 2882 1662 2928 ἐλεήμων
1677 2885 1787 2918 locum
1802 2886 1912 2919 habet.
