2457 3436
958 384 1183 414 mucronum
1210 384 1486 414 APOSTOLORUM.
1890 374 1969 414 153

583 480 653 522 IX.
697 480 737 522 Si
774 480 859 535 quis
894 479 942 521 ad
975 494 1152 522 mensam
1188 494 1270 521 non
1305 479 1474 522 admittit
1509 494 1662 530 omne5‚
1700 479 1770 522 sed
1804 480 1965 522 alterum

472 546 583 588 alteri
611 544 791 601 praefert,
820 552 862 587 ut
891 545 1089 587 homicida
1116 545 1317 587 iudicatur.

585 610 636 651 X.
668 610 708 651 Si
738 611 824 665 quis
845 624 983 651 canem
1006 624 1095 652 cum
1116 624 1191 652 ove
1210 617 1429 652 commutat
1458 617 1497 651 et
1517 624 1634 651 ovem
1654 610 1764 652 affert
1783 611 1823 651 in
1844 611 1967 652 sancti

476 676 712 717 memoriam
741 674 802 717 vel
831 676 998 730 pretium
1022 676 1140 727 canis,
1171 675 1398 718 maledictus
1421 676 1482 726 sit,
1512 676 1611 717 sicut
1635 675 1742 716 Deus
1771 676 1967 730 praecepit

476 741 593 782 Mosi.
2012 752 2035 782 5

584 805 653 846 XI.
684 805 766 855 Qui
796 804 953 860 capillos
982 812 1158 847 attrectat
1187 813 1227 847 et
1255 805 1393 847 faciem
1422 806 1601 860 percutit,
1631 813 1671 847 et
1693 805 1733 846 in
1752 806 1829 847 vita
1859 812 1897 847 et
1926 806 1966 846 in

477 877 606 911 morte
635 870 840 911 anathema
868 870 931 911 sit.

584 935 672 976 XII.
701 934 784 985 Qui
813 943 1062 990 praeceptum
1091 942 1297 989 parentum
1326 934 1454 986 solvit,
1485 942 1524 976 et
1552 935 1592 976 in
1612 935 1689 976 vita
1710 936 1757 976 ’et
1776 934 1817 975 in
1838 941 1966 976 morte

477 1000 682 1042 anathema
710 1000 772 1041 sit.

584 1065 688 1107 XIII.
717 1065 757 1106 Si
785 1065 871 1120 quis
901 1064 1109 1106 manducat
1135 1065 1366 1119 sanguinem
1396 1065 1563 1119 pecoris,
1591 1064 1797 1106 anathema
1826 1065 1888 1106 sit.
1992 1075 2036 1105 ιο

586 1130 694 1172 XIV.
725 1130 765 1171 Si
794 1131 879 1185 quis
909 1128 1175 1172 confabulatur
1203 1131 1242 1171 in
1265 1130 1425 1172 ecclesia
1445 1129 1521 1172 Dei
1542 1130 1642 1172 inter
1662 1129 1832 1171 divinam
1862 1130 1966 1172 lit'ur-

476 1196 593 1249 giam,
622 1194 849 1236 maledictus
877 1195 938 1236 sit.

584 1259 675 1301 XV.
712 1259 753 1301 Si
789 1260 874 1315 quis
912 1274 1101 1315 pauperes
1142 1273 1225 1301 non
1263 1261 1356 1302 sinit
1389 1260 1574 1314 colligere
1609 1261 1733 1314 spicas
1769 1259 1966 1310 cadentes,

477 1323 702 1366 maledictus
731 1325 792 1366 sit.

583 1388 692 1430 XVI.
730 1389 770 1430 Si
799 1390 884 1444 quis
913 1390 1100 1444 primitias
1129 1403 1239 1431 areae
1268 1389 1329 1431 vel
1357 1388 1571 1441 torcularis,
1604 1390 1705 1432 sicut
1732 1389 1841 1431 Deus
1870 1389 1965 1431 dixit
1993 1399 2034 1429 15

476 1454 595 1504 Mosi,
624 1467 707 1495 non
736 1453 801 1495 dat
830 1454 1014 1496 ecclesiae
1042 1454 1106 1496 vel
1133 1455 1305 1509 pauperi,
1336 1453 1561 1496 maledictus
1590 1454 1651 1496 sit.

584 1583 711 1624 XVII.
745 1584 785 1625 Si
820 1584 905 1639 quis
940 1584 1004 1626 dat
1037 1584 1264 1639 antipsycha
1298 1584 1447 1626 vatibus
1480 1584 1541 1625 vel
1569 1584 1709 1638 scripta
1738 1584 1875 1638 accipit
1904 1583 1967 1624 vel

476 1647 553 1698 dat,
584 1648 659 1689 iam
690 1663 772 1690 non
801 1656 891 1690 sunt
920 1648 1067 1700 fideles,
1096 1648 1165 1690 sed
1194 1663 1267 1691 nec
1297 1650 1504 1691 christiani.

584 1713 729 1755 XVIII.
769 1713 809 1755 Si
845 1714 931 1769 quis
965 1713 1122 1755 fratrem
1158 1714 1424 1765 calumniatur,
1462 1728 1550 1756 cum
1587 1713 1742 1755 diabolo
1779 1712 1965 1755 condem·
1989 1723 2036 1753 20

475 1784 588 1820 natus
618 1786 687 1820 est.

518 1885 550 1919 X
572 1883 639 1930 (ι’).
664 1885 715 1919 Cf.
739 1886 836 1921 Deut.
861 1895 912 1930 23,
938 1887 987 1921 18.
1255 1887 1353 1922 Deut.
1377 1896 1428 1929 24,
1455 1897 1504 1932 19.

517 1940 579 1974 XII
594 1937 688 1984 (ιβ’).
712 1939 764 1974 Cf.
780 1940 863 1984 Eph.
881 1940 912 1982 6,
932 1950 968 1982 13
992 1940 1065 1974 Col.
1086 1950 1114 1984 3,
1130 1950 1188 1983 203
1298 1941 1376 1975 XVI
1399 1939 1481 1985 (ις’),
1505 1941 1556 1976 Cf.
1580 1942 1678 1976 Dent.
1707 1951 1755 1984 15,
1784 1950 1838 1982 14;
1864 1942 1912 1983 18,
1929 1951 1966 1982 43

475 1994 573 2028 Deut.
600 2003 648 2038 19,
675 2003 729 2036 14;
753 1994 849 2028 Prov.
873 2004 926 2034 22,
951 1995 1001 2029 28.
1255 1995 1401 2029 Didache
1428 2005 1477 2039 13,
1503 1995 1602 2039 3—6;
1625 1995 1663 2030 C.
1687 1996 1728 2029 A.
1751 1995 1821 2036 VII,
1846 2005 1898 2039 29.

518 2048 593 2081 XIII
608 2045 698 2092 (ιγ’).
723 2047 775 2082 Cf.
798 2049 876 2083 Lev.
904 2058 953 2092 17,
968 2050 1091 2091 8—153
1114 2050 1187 2084 Act.
1298 2050 1400 2084 XVII.
1422 2049 1476 2085 Cf.
1493 2049 1572 2084 Lev.
1592 2059 1640 2094 19,
1662 2059 1710 2093 31.
1727 2069 1768 2075 —
1792 2049 1844 2083 De
1860 2049 1968 2083 forma

478 2112 527 2145 15,
552 2111 604 2136 20.
627 2112 679 2146 29.
1253 2105 1353 2146 δίδω,
1382 2106 1492 2144 didm
1520 2107 1594 2138 κτλ.
1625 2104 1666 2138 cf.
1696 2103 1862 2145 Leontius,
1891 2103 1967 2136 Vita

517 2156 596 2190 XIV
619 2153 707 2200 (ιδ’).
731 2156 784 2191 cf.
808 2158 846 2191 C.
868 2157 910 2191 A.
933 2157 1019 2199 v111,
1046 2167 1095 2199 11,
1122 2167 1171 2192 10.
1253 2158 1408 2192 Iohannis
1431 2158 1651 2193 Misericordis
1673 2159 1725 2193 ed.
1742 2158 1859 2193 Gelzer
1885 2158 1965 2202 1893

518 2210 581 2244 XV
605 2208 691 2253 (ιε’).
727 2210 778 2244 Cf.
802 2210 881 2245 Lev.
915 2221 964 2255 19,
988 2221 1024 2255 9;
1055 2221 1106 2255 23,
1129 2221 1187 2253 22;
1254 2223 1285 2256 p.
1312 2221 1382 2257 ¹99·
