2457 3436
876 357 1146 387 amsromnuu
1175 358 1238 394 vu,
1266 359 1319 395 41,
1342 357 1460 395 8—43,
1482 359 1512 388 4.
1861 347 1939 385 449

452 452 630 505 :redunt3
676 454 716 495 8.
747 454 787 495 in
805 454 930 495 carnis
949 453 1289 503 resurrectionem,
1318 453 1357 494 in
1377 453 1651 494 remissionem
1672 460 1939 508 peccatorum,

453 531 488 560 n
514 532 685 572 regnum
719 518 915 560 caelorum
944 525 983 559 et
1010 518 1050 558 in
1080 518 1198 559 vitam
1229 516 1345 559 futuri
1374 517 1529 559 saeculi.

554 583 680 624 XLII.
716 583 812 624 Post
846 584 945 625 hanc
979 589 1108 625 autem
1146 582 1433 637 professionem
1470 581 1608 623 ordine
1643 583 1750 623 venit
1783 581 1830 623 ad
1864 582 1940 623 olei

452 648 696 690 unctionem.
745 659 768 689 2
798 647 963 702 (XLII).
993 647 1240 689 Benedicitur
1267 653 1396 688 autem
1429 647 1504 688 boc
1532 660 1553 687 a
1582 645 1785 688 sacerdote
1814 647 1852 688 in
1883 660 1941 688 re-

452 712 683 755 missionem
720 719 969 766 peccatorum
1004 719 1045 754 et
1078 712 1412 766 praeparationem
1449 710 1641 765 baptismi.
1707 724 1742 764 3.
1781 711 1942 753 Invocat
1986 721 2007 753 5

452 777 560 833 ‚enim
589 777 652 818 hic
681 777 901 831 ingenitum
925 776 1069 826 Deum,
1098 783 1248 830 patrem
1270 775 1430 826 Christi,
1460 789 1594 829 regem
1625 777 1756 817 omnis
1785 783 1942 818 naturae

457 841 503 883 in
525 856 682 884 sensum
707 855 752 883 ac
781 841 1086 894 intellegentiam
1107 840 1293 889 cadentis,
1323 847 1365 882 ut
1393 840 1607 882 sanctificet
1635 841 1766 882 oleum
1797 845 1942 883 nomine

464 906 614 957 Βοηιίηἰ
636 906 720 948 Iesu
754 915 793 948 et
820 906 887 947 det
921 906 1083 960 gratiam
1113 905 1348 959 spiritualem
1380 912 1419 947 et
1446 906 1525 946 vim
1561 904 1773 956 efficacem,
1809 907 1942 947 remis-

468 972 607 1014 sionem
636 971 870 1013 delictorum
888 978 1003 1025 atque
1032 971 1366 1025 praeparationem
1388 970 1649 1012 confessionis
1678 970 1870 1025 baptismi,
1900 979 1942 1012 ut

475 1036 514 1087 is,
543 1037 606 1091 qui
644 1037 814 1090 ungitur,
862 1035 1012 1077 solutus
1051 1036 1165 1077 omni
1205 1036 1401 1089 impietate
1441 1035 1508 1077 fiat
1547 1035 1686 1090 dignus
1725 1037 1941 1078 initiatione
1968 1046 2008 1077 10

479 1101 670 1143 secundum
700 1101 892 1154 unigeniti
921 1108 1183 1155 praeceptum.

565 1166 700 1208 XLIII.
730 1164 885 1208 Deinde
903 1166 1011 1207 venit
1037 1164 1085 1206 ad
1114 1179 1267 1221 aquam.
1316 1177 1353 1207 2.
1382 1164 1572 1206 Sacerdos
1591 1172 1722 1208 autem
1751 1165 1943 1208 benedicit

482 1245 518 1272 ac
536 1230 653 1273 laudat
681 1231 901 1272 Dominum
931 1230 1060 1271 Deum
1091 1231 1422 1284 omnipotentem,
1452 1237 1600 1284 patrem
1630 1231 1823 1284 unigeniti
1853 1231 1942 1280 Dei,

486 1302 516 1337 et
535 1296 663 1349 gratias
696 1296 790 1350 agit,
824 1297 912 1350 quia
941 1296 1047 1336 misit
1075 1294 1197 1336 filium
1227 1309 1354 1345 suum,
1389 1295 1455 1350 qui
1486 1295 1610 1336 homo
1640 1294 1750 1337 fieret
1785 1303 1944 1350 propter

488 1373 555 1411 nos,
577 1369 617 1402 ut
641 1374 717 1402 nos
745 1360 920 1410 salvaret,
955 1361 1043 1416 quia
1072 1361 1266 1410 sustinuit,
1302 1368 1344 1402 ut
1372 1360 1435 1401 ille
1464 1361 1504 1401 in
1538 1360 1804 1402 incarnatione
1833 1360 1943 1402 fieret
1969 1368 2009 1401 15

488 1437 539 1478 per
565 1426 693 1467 omnia
726 1425 956 1476 oboediens,
992 1425 1228 1480 praedicaret
1261 1439 1417 1479 regnum
1456 1425 1657 1475 caelorum,
1697 1427 1944 1467 remissionem

487 1497 702 1544 pacatorum,
730 1499 960 1532 mortuorum
995 1491 1310 1531 resurrectionem.
1370 1502 1405 1542 3.
1435 1489 1498 1531 Ad
1527 1490 1621 1531 haec
1650 1490 1785 1531 adorat
1816 1491 1941 1544 ipsum

491 1555 703 1608 unigenitum
722 1555 855 1597 Deum
885 1562 974 1610 post
994 1569 1085 1596 eum
1108 1562 1147 1597 et
1175 1569 1242 1608 per
1263 1569 1367 1605 eum,
1396 1555 1537 1608 gratias
1559 1555 1646 1596 huic
1675 1569 1807 1608 agens,
1837 1555 1944 1610 quod

492 1626 630 1662 mortem
663 1634 737 1675 pro
773 1618 956 1661 omnibus
990 1634 1061 1675 per
1096 1633 1250 1660 crucem
1286 1619 1456 1669 subierit,
1490 1620 1598 1660 cuius
1634 1618 1796 1672 figuram
1838 1620 1945 1662 dedit

492 1682 691 1738 baptismum
711 1685 1031 1739 regenerationis.
1074 1699 1112 1737 4.
1132 1683 1278 1726 Laudat
1299 1685 1429 1735 etiam,
1450 1685 1538 1739 quia
1558 1685 1597 1725 in
1618 1686 1780 1726 nomine
1799 1685 1943 1727 Christi
1968 1693 2010 1724 20

494 1747 575 1790 Deus
597 1757 828 1791 cunctorum
849 1749 1034 1791 dominus
1061 1749 1103 1790 in
1132 1749 1266 1803 spiritu
1285 1756 1422 1790 sancto
1452 1764 1533 1790 non
1563 1749 1699 1791 abiecit
1729 1749 1944 1791 humanum

495 1825 600 1866 genus,
625 1814 694 1857 sed
712 1815 827 1855 variis
854 1813 1098 1869 temporibus
1124 1815 1268 1854 variam
1299 1813 1586 1868 providentiam
1615 1814 1807 1856 adhibuit:
1836 1815 1945 1856 Adae

497 1877 548 1932 ipsi
573 1879 606 1920 in
638 1879 817 1935 paradiso
852 1880 1020 1934 primum
1057 1878 1214 1933 quidem
1254 1880 1403 1920 ratione
1439 1878 1661 1920 deliciarum
1700 1879 1805 1921 dedit
1841 1894 1946 1933 para-

498 1940 591 1985 disum
618 1945 655 1985 in
676 1944 970 1994 habitationem,
1001 1943 1142 1985 deinde
1162 1944 1314 1985 ratione
1340 1943 1606 1997 providentiae
1627 1944 1851 1986 mandatum
1872 1953 1945 1986 tra-

499 2005 578 2058 didit,
594 2017 679 2063 post
698 2016 901 2064 peccatum
918 2016 1048 2050 autem
1069 2022 1138 2063 per
1157 2009 1340 2050 iustitiam
1359 2023 1448 2049 eum
1470 2009 1625 2063 expulit,
1646 2023 1714 2063 per
1728 2009 1943 2051 bonitatem
1968 2019 2010 2051 25

500 2084 566 2113 vero
589 2088 665 2115 non
701 2088 748 2115 ex
777 2080 866 2115 toto
895 2074 1045 2124 abiecit,
1078 2073 1147 2115 sed
1178 2081 1216 2115 et
1251 2081 1433 2127 posteros
1467 2075 1549 2115 eius
1578 2074 1745 2115 vicissim
1782 2074 1947 2116 erudivit

502 2133 623 2180 diversis
640 2139 789 2190 modis;
817 2146 977 2193 propter
995 2153 1113 2193 quem
1135 2139 1174 2179 in
1197 2146 1373 2180 extremo
1393 2139 1534 2180 saeculi
1554 2140 1657 2180 misit
1676 2139 1799 2181 filium
1818 2155 1946 2190 suum,

502 2202 654 2245 uthomo
686 2203 801 2245 fieret
829 2203 1036 2245 hominum
1072 2218 1183 2245 causa
1219 2211 1257 2245 et
1285 2218 1427 2244 omnes
1463 2203 1655 2245 humanos
1691 2204 1849 2246 affectus
1885 2220 1947 2246 ex-

503 2320 558 2353 red
580 2356 583 2361 ,
605 2326 642 2356 21
666 2320 708 2357 τὸ
730 2323 753 2356 h
781 2328 786 2363 ¹,
812 2319 875 2356 τόν
896 2333 904 2356 :
927 2325 1000 2356 τῶν
1020 2333 1039 2356 a
1066 2325 1070 2363 Ι
1096 2326 1138 2356 22
1159 2325 1224 2357 τοῦ
1248 2326 1291 2361 >
1316 2322 1336 2354 d
1363 2323 1369 2363 1
1395 2326 1436 2356 25
1460 2320 1646 2364 διαφόροις
1668 2328 1807 2364 καιροῖς
1829 2328 1873 2362 >
1897 2334 1912 2356 a
1941 2325 1946 2365 Ι

502 2372 531 2406 ²8
544 2375 573 2409 δὲ
591 2376 611 2409 h
631 2388 652 2421 p
674 2389 695 2409 v
715 2380 721 2418 Ι
741 2379 785 2411 27
808 2379 942 2419 τροφῆς
965 2386 983 2409 e
1003 2379 1007 2419 Ι
1028 2379 1070 2411 28
1093 2373 1341 2420 ἁμαρτάνοντα
1365 2376 1387 2408 d
1409 2387 1427 2409 e
1447 2378 1452 2419 Ι
1473 2380 1515 2411 30
1538 2379 1711 2419 διαφορᾶς
1734 2377 1756 2409 h

528 2481 549 2515 8.
562 2483 703 2520 Formula
715 2486 795 2519 Ant.
806 2484 869 2518 hos
881 2485 1035 2519 articulos
1051 2486 1172 2519 omittit
1237 2497 1349 2527 ματος
1372 2486 1433 2519 καὶ
1448 2483 1490 2519 τὸ
1507 2483 1627 2519 ἔλαιον
1642 2488 1704 2528 τῆς
1717 2486 1872 2527 χρίσεως
1889 2487 1949 2519 καὶ

501 2534 618 2572 exhibens
645 2539 844 2573 sententiam
875 2545 1054 2573 extremam
1082 2550 1172 2584 sym·
1237 2538 1383 2581 προσέτι
1408 2536 1518 2573 αὐτὸν
1539 2536 1602 2572 τὸν
1622 2536 1897 2583 βαπτιζόμενον.

499 2584 543 2622 boh·
560 2591 696 2628 Nicaeni.
1285 2603 1312 2635 3.
1340 2591 1403 2627 τὸν
1424 2593 1577 2636 βασιλέα
1605 2613 1643 2617 ——
1676 2590 1834 2636 φύσεως]
1865 2593 1949 2627 Infra

526 2643 604 2681 xLlL
616 2649 704 2691 Περὶ
714 2649 912 2690 χρίσματος
922 2650 987 2683 τοῦ
996 2650 1173 2689 μυστικοῦ
1239 2647 1324 2687 V111,
1357 2656 1404 2687 12,
1434 2658 1462 2690 7.
1486 2656 1529 2691 49
1557 2648 1644 2680 idem
1672 2647 1713 2680 de
1741 2647 1873 2681 Christo
1902 2648 1949 2681 di-

497 2692 586 2735 &mov
606 2699 825 2745 εὐχαριστία.
864 2700 916 2734 Dc
932 2700 1085 2735 unctione
1100 2711 1173 2745 my·
1240 2702 1330 2734 citur.

496 2750 545 2785 Stiti
562 2754 620 2789 olei
641 2757 730 2790 actio
753 2756 940 2800 gratiarum.
1283 2755 1397 2788 XLIII.
1427 2757 1515 2797 Περὶ
1539 2758 1602 2790 τοῦ
1623 2759 1800 2797 μυστικοῦ
1823 2750 1950 2796 ὕδατος

523 2814 600 2852 2—3.
622 2810 761 2844 Basilius
774 2809 827 2843 De
841 2809 917 2853 spir.
930 2820 956 2843 s.
974 2820 1002 2844 c.
1017 2818 1056 2852 37
1070 2820 1101 2843 n.
1113 2808 1173 2843 66:
1241 2806 1457 2852 εὐχαριστία.
1498 2809 1681 2843 Gratiarum
1705 2809 1791 2843 actio
1814 2810 1854 2843 de
1878 2821 1951 2854 my-

494 2855 685 2906 tv'ioyofipaev
706 2861 748 2898 τό
772 2875 811 2898 τε
829 2857 925 2906 ὕδωρ
941 2867 1005 2898 τοῦ
1021 2865 1174 2907 βαπτίσ-
1240 2864 1320 2897 stica
1343 2874 1434 2907 aqua.

537 2916 645 2957 Fun.
668 2919 802 2952 Dmasc.
826 2928 864 2952 tr
886 2918 1033 2953 Cossa-rr.
1055 2929 1106 2952 ΑΡ.
1152 2919 1174 2952 1.
1782 2921 1822 2952 29
