2457 3436
741 373 1004 404 Aposromnun
1032 374 1097 409 vii,
1126 375 1179 412 35,
1201 376 1297 407 8-7.
1683 365 1759 404 431

483 483 531 511 ac
561 468 861 511 innumerabiles
898 471 1073 511 nutriens
1101 469 1326 511 animalium
1356 471 1488 525 copias
1523 484 1638 511 arena
1668 484 1762 512 con·

449 547 481 584 r,
519 541 631 576 tuam
662 534 903 576 voluntatem
933 535 1116 585 veritum,
1151 549 1370 590 omnesque
1399 535 1507 588 cogit
1539 535 1759 577 vociferari:

450 598 690 653 magnificata
722 608 809 640 sunt
843 608 953 654 opera
993 608 1073 649 tua,
1111 600 1297 650 Domine,·
1336 601 1460 640 omnia
1501 601 1540 640 in
1578 601 1761 654 sapientia

450 663 587 718 npleta
616 671 667 704 est
694 671 796 705 terra
824 672 1001 705 creatura
1029 672 1108 705 tua.
1168 677 1203 717 3.
1235 664 1281 705 Et
1312 665 1501 705 exercitus
1530 664 1759 718 angelorum

450 742 484 769 ic
520 728 677 782 spiritus
712 728 980 781 intellegentes
1015 728 1165 770 dicunt:
1208 729 1312 770 Unus
1343 737 1505 779 sanctus,
1541 729 1762 779 Phelmuni;

450 794 464 834 i
496 792 700 847 Seraphim
735 808 811 834 una
845 807 933 835 cum
971 793 1182 835 Cherubim
1217 808 1286 835 sex
1318 794 1395 834 alas
1433 793 1660 836 habentibus
1692 795 1761 836 tibi

471 859 670 900 canticum
690 857 896 913 psallentes
913 859 1075 900 vocibus
1095 873 1295 913 nunquam
1318 858 1554 900 cessantibus
1574 859 1759 901 clamant:

456 931 627 973 sanctus,
645 931 808 974 sanctus,
829 923 1015 964 Dominus
1036 923 1199 965 Sabaoth
1205 937 1223 973 ,·
1238 923 1347 978 pleni
1367 932 1453 964 sunt
1478 923 1576 964 caeli
1599 932 1633 964 et
1657 932 1761 965 terra

450 1001 518 1037 ia;
557 996 599 1030 et
633 995 783 1030 ceterae
818 987 1000 1030 ordinum
1036 987 1316 1039 multitudines,
1356 988 1595 1042 archangeli‚·
1624 989 1759 1039 throni,

451 1066 562 1102 ones;
589 1054 835 1107 principatus,
866 1060 1074 1107 potestates,
1115 1053 1276 1095 virtutes
1317 1053 1575 1095 exclamantes
1610 1053 1758 1095 dicunt:

451 1131 465 1158 1
485 1117 614 1172 gloria
633 1118 792 1159 Domini
808 1117 853 1159 de
872 1117 950 1159 Ioco
966 1132 1045 1159 suo.
1093 1132 1130 1171 4.
1160 1117 1274 1159 Israel
1294 1131 1402 1168 vero,
1426 1125 1578 1159 terrena
1599 1118 1759 1160 ecclesia

463 1182 650 1236 gentibus
685 1191 935 1236 congregata,
973 1191 1123 1224 certans
1158 1197 1247 1224 cum
1284 1182 1509 1224 caelestibus
1544 1183 1759 1233 virtutibus,

451 1261 465 1288 :
495 1246 559 1289 die
591 1249 630 1288 in
663 1247 772 1289 corde
797 1247 910 1302 pleno
943 1256 977 1288 ct
1009 1249 1139 1288 anima
1172 1246 1316 1288 volente
1350 1248 1469 1288 canit:
1511 1248 1657 1289 Currus
1684 1249 1763 1289 Dei

451 1312 566 1353 ilibus
583 1313 794 1367 multiplex,
823 1313 931 1354 milia
952 1313 1172 1354 laetantium
1181 1327 1198 1362 ;
1225 1313 1412 1353 Dominus
1430 1314 1468 1353 in
1489 1314 1551 1362 eis,
1577 1315 1616 1353 in
1638 1312 1758 1362 Sinai,

452 1392 473 1418 v.
534 1390 570 1430 5.
600 1377 723 1419 Novit
752 1377 900 1419 caelum
930 1392 1034 1428 eum,
1069 1378 1134 1432 qui
1163 1391 1279 1432 super
1308 1377 1401 1418 nihil
1431 1379 1638 1419 cameravit
1666 1377 1758 1419 illud

476 1442 666 1496 lapideum
695 1442 841 1492 cubum,
871 1443 935 1498 qui
965 1449 1106 1484 terrani
1138 1450 1176 1484 et
1205 1456 1343 1496 aquam
1373 1443 1474 1483 inter
1503 1456 1545 1483 se
1564 1442 1758 1493 adunavit,

452 1521 514 1557 m,
550 1506 772 1548 animalium
802 1508 1018 1558 nutritium,
1054 1506 1206 1548 diffudit
1242 1508 1354 1562 eique
1384 1508 1515 1561 ignem
1547 1508 1760 1549 connexuit

452 1585 515 1613 em
546 1579 586 1613 et
612 1571 659 1613 ad
689 1571 868 1614 solatium
898 1571 947 1613 de
976 1571 1157 1613 tenebris.
1206 1571 1479 1626 obstupefacit
1500 1572 1641 1613 chorus
1672 1572 1759 1612 stel-

452 1637 513 1692 :1ui
547 1645 817 1679 numerantem
855 1651 918 1678 eas
958 1636 1150 1690 significat
1184 1644 1223 1678 et
1257 1638 1529 1678 nominantem
1566 1636 1758 1686 ostendit3

476 1700 749 1743 demonstrant
777 1716 882 1753 eum,
911 1716 933 1743 a
963 1716 1042 1757 quo
1071 1702 1238 1743 animata
1268 1708 1371 1752 sunt,
1402 1709 1439 1743 et
1468 1701 1625 1742 arbores
1654 1715 1758 1751 eum,

474 1765 670 1820 produxit.
728 1767 842 1817 Quae
872 1767 1019 1817 omnia,
1051 1766 1172 1808 verbo
1201 1774 1271 1808 tuo
1302 1766 1411 1817 facta,
1441 1767 1643 1820 potestatis
1670 1773 1758 1807 tuae

452 1839 681 1873 raesentant.
730 1834 766 1873 6.
796 1833 925 1887 Atque
946 1831 1036 1873 ideo
1066 1831 1180 1872 debet
1209 1832 1340 1872 omnis
1361 1831 1500 1881 homo,
1531 1846 1577 1872 ex
1599 1838 1758 1885 pectore

481 1910 551 1950 per
570 1896 769 1938 Christum
799 1896 952 1938 laudern
978 1910 1050 1951 pro
1080 1898 1229 1938 cunctis
1259 1898 1427 1946 mittere,
1458 1904 1593 1950 utpote
1624 1910 1692 1950 per
1720 1904 1758 1937 te

454 1974 544 2002 -rum
574 1961 772 2003 dominus.
829 1975 866 2014 7.
904 1961 970 2002 Tu
1001 1962 1106 2002 enim
1137 1975 1178 2002 es
1208 1960 1325 2001 facilis
1355 1962 1394 2001 in
1424 1960 1691 2003 beneficentiis
1721 1968 1759 2002 et

453 2039 478 2067 is
510 2027 550 2067 in
586 2026 1005 2076 commiserationibus,
1043 2028 1107 2081 qui
1142 2025 1249 2067 solus
1279 2040 1320 2067 es
1356 2027 1628 2080 omnipotens;
1666 2040 1755 2066 cum

453 2104 477 2140 ς,
504 2090 612 2132 adest
645 2091 713 2132 tibi
747 2098 939 2145 potestas3
974 2105 1064 2132 nam
1099 2098 1300 2132 aeternum
1336 2098 1447 2132 tuum
1485 2091 1603 2132 robur
1640 2092 1755 2132 etiam

454 2169 470 2196 ³
497 2155 698 2209 refrigerat
732 2163 772 2197 et
799 2156 977 2198 leonibus
1007 2170 1052 2197 os
1082 2157 1315 2209 constringit
1351 2164 1389 2197 et
1418 2164 1527 2197 cetos
1563 2155 1758 2197 demulcet

454 2336 524 2379 ιτᾶς
551 2336 717 2383 ἀγγέλων
745 2365 754 2373 .
778 2366 787 2374 .
810 2342 978 2383 Σεραφὶμ
1045 2339 1136 2372 Lxx
1159 2340 1367 2379 retinuerunt,
1400 2339 1617 2383 Symmachus
1647 2345 1756 2372 autem

455 2403 535 2426 »vem
577 2394 747 2437 spirituum
786 2393 978 2427 caelestium
1045 2394 1273 2437 interpretatus
1296 2399 1361 2426 est:
1387 2395 1455 2427 τινί
1468 2405 1569 2433 ποτε,
1594 2393 1756 2437 Hierony-

455 2453 596 2481 nsentur.
631 2447 716 2482 Infra
730 2448 978 2490 V111‚12,8.17
1045 2458 1133 2481 mus:
1175 2447 1266 2480 alteri
1300 2448 1412 2480 nescio
1448 2447 1507 2480 cui.
1555 2447 1640 2480 Cum
1676 2457 1758 2490 ergo

455 2512 461 2534 ι
484 2501 611 2541 αἰῶνες
637 2504 701 2536 καὶ
728 2503 891 2545 στρατιαὶ
923 2502 979 2535 ad·
1045 2501 1162 2535 Daniel
1186 2502 1380 2545 generaliter
1402 2512 1501 2534 unum
1517 2501 1693 2545 quemlibet
1717 2501 1756 2533 de

455 2566 492 2589 ur.
534 2555 584 2589 Cf.
614 2556 727 2601 Cyrill.
752 2557 878 2590 Hieros.
906 2556 978 2590 Cat.
1046 2556 1171 2599 angelis
1194 2556 1359 2596 indicaret,
1384 2556 1433 2588 cui
1451 2555 1530 2588 alius
1547 2554 1682 2598 angelus
1708 2557 1758 2587 lo-

455 2609 488 2651 6;
509 2609 672 2644 Theodor.
696 2610 813 2644 Graec.
835 2610 889 2644 aff.
912 2621 978 2643 cur.
1046 2616 1138 2643 cutus
1173 2615 1232 2649 est,
1267 2609 1311 2642 illi
1345 2620 1467 2643 nomen
1500 2609 1671 2641 Phelmuni
1706 2609 1757 2641 isti

455 2662 550 2696 :hulze
571 2664 626 2704 lV,
645 2665 708 2707 784
732 2675 780 2709 sq.
818 2664 979 2698 Distincte
1045 2664 1166 2707 angelo
1200 2664 1365 2697 dederunt.
1404 2683 1439 2686 ——
1476 2661 1571 2706 α’σιγ.
1606 2662 1758 2705 φωναῖς]

455 2717 657 2761 angelorum
673 2715 839 2752 ordinibus
855 2718 978 2762 primus
1045 2717 1098 2751 cf.
1111 2717 1197 2758 vili,
1215 2727 1262 2758 12,
1277 2727 1327 2760 27.
1352 2717 1561 2761 Ps.-Dionys.
1576 2717 1626 2750 De
1639 2717 1757 2750 eccles.

455 2770 614 2816 Dionysius
641 2773 692 2806 De
715 2772 795 2807 cael.
818 2772 976 2806 hierarch.
1045 2773 1123 2805 hier.
1148 2783 1176 2805 c.
1201 2781 1231 2811 4,
1259 2782 1284 2813 3.
1312 2782 1338 2813 5.

456 2827 516 2869 wc?
534 2826 722 2870 Φελμουνί]
738 2826 811 2860 Vox
829 2826 978 2860 hebraica
1088 2836 1117 2865 4.
1142 2826 1159 2860 ἐ
1164 2838 1181 2858 ν
1204 2827 1333 2872 καρδίᾳ
1357 2823 1482 2867 πλήρει
1501 2826 1562 2858 καὶ
1579 2828 1674 2867 ψυχῇ
1696 2828 1756 2858 θε-

456 2888 514 2911 uam
529 2880 636 2925 Aquila
658 2886 690 2915 et
706 2880 921 2914 'theodotion
945 2886 977 2914 et
1043 2878 1169 2923 λούσῃ]
1193 2880 1345 2913 Similiter
1370 2879 1455 2920 vin,
1479 2879 1509 2919 6,
1535 2888 1589 2919 12;
1616 2878 1665 2918 16,
1692 2888 1718 2919 5.

1806 737 1829 769 6

1787 1060 1828 1091 10

1785 1384 1826 1415 15

1781 1708 1826 1740 20

1781 2033 1824 2065 25
