2457 3436
921 390 1092 420 cmomzs
1119 390 1396 421 Ams‘rotonuu.
1853 382 1905 421 43

521 497 558 538 5.
596 485 742 527 Canon
772 486 822 536 X,
859 485 976 528 Hard.
1011 486 1081 537 lv,
1111 499 1209 540 494:
1241 482 1401 541 Ἐπειδή
1433 502 1542 536 τινες
1575 491 1664 529 τῶν
1697 492 1906 541 κληρικῶν

412 551 779 604 παραλογιζόμενοι
799 550 874 606 τὴν
892 551 1117 605 κανονικὴν
1136 551 1332 603 διάταξιν,
1353 550 1628 601 ἀπολιπόντες
1646 552 1724 607 τὴν
1743 552 1906 595 ἑαυτῶν

413 617 637 667 παροικίαν
665 616 721 664 εἰς
748 614 886 668 ἑτέρας
913 619 1130 669 παροικίας
1157 616 1401 669 ἐκτρέχουσι,
1432 616 1538 659 κατὰ
1565 621 1760 659 πλεῖστον
1789 619 1832 659 δὲ
1859 618 1906 659 ἐν

414 679 541 733 ταύτῃ
570 686 623 733 τῇ
651 681 929 735 θεοφυλάκτῳ
952 683 1019 723 καὶ
1047 683 1221 732 βασιλίδι
1239 681 1371 732 πόλει,
1400 686 1466 724 καὶ
1488 683 1545 731 εἰς
1564 680 1765 735 ἄρχοντας
1782 696 1906 735 προσ-

413 745 660 797 εδρεύουσιν,
689 746 734 787 ἐν
761 755 849 795 τοϊς
868 742 1009 788 αὐτῶν
1037 743 1264 801 εὐκτηρίοις
1292 746 1365 796 τὰς
1391 751 1642 801 λειτουργίας
1669 752 1905 796 ποιοῦντες·

412 810 590 859 τούτους
619 803 696 852 οὖν
720 813 844 863 χωρὶς
872 816 947 853 τοῦ
976 812 1082 853 ἰδίου
1109 811 1337 853 ἐπισκόπου
1365 814 1431 853 καὶ
1462 816 1536 853 τοῦ
1567 816 1907 855 Κωνσταντινου-

412 874 576 924 πόλεως
610 874 689 916 οὐκ
725 875 852 927 ἔξεστι
886 877 1077 930 δεχθῆναι
1114 877 1157 918 ἐν
1193 876 1422 930 οἱῳδήποτε
1451 877 1553 930 οἴκῳ
1581 874 1606 930 ἢ
1635 877 1843 933 ἐκκλησίᾳ·
1873 879 1908 919 εἰ

412 942 453 981 δὲ
484 944 615 982 τοῦτο
641 940 816 994 ποιήσει,
845 940 1050 993 ἐπιμένων
1078 944 1374 993 καθαιρείσθω.
1423 940 1515 984 ὅσοι
1544 943 1586 983 δὲ
1613 942 1702 995 μετ’
1720 943 1908 997 είδὴσεως

412 1010 502 1047 τῶν
539 1007 857 1057 προλεχθέντων
892 1005 1033 1058 ἱερέων
1067 1010 1194 1049 τοῦτο
1228 1011 1431 1057 ποιοῦσιν,
1470 1003 1548 1049 οὐκ
1580 1007 1734 1059 ἔξεστιν
1766 1004 1909 1057 αὐτοῖς

413 1070 614 1123 κοσμικὰς
641 1073 708 1112 καὶ
737 1071 932 1121 βιωτικὰς
959 1073 1182 1124 φροντίδας
1209 1068 1580 1125 ἀναλαμβάνεσθαι,
1602 1071 1661 1121 ὡς
1679 1071 1908 1114 κεκώλυται

413 1139 542 1176 τοῦτο
569 1144 703 1177 ποιεῖν
731 1135 843 1188 παρὰ
869 1141 959 1177 ταῖν
988 1138 1116 1178 θείων
1147 1136 1364 1178 Κανόνων.
1422 1137 1519 1179 Can.
1549 1152 1609 1191 ap.
1645 1150 1688 1190 15
1722 1144 1759 1178 et
1789 1139 1825 1178 6.

525 1202 562 1241 6.
593 1199 734 1242 Canon
760 1201 847 1251 XII,
876 1200 995 1243 Hard.
1023 1201 1092 1252 IV,
1118 1214 1215 1255 494:
1249 1201 1303 1243 Εἴ
1329 1217 1390 1250 τις
1418 1202 1641 1250 ἐπίσκοπος
1669 1199 1854 1255 εὑρεθείη
1882 1201 1906 1254 ἢ

412 1263 638 1318 ἡγούμενος
666 1266 713 1307 ἐκ
731 1271 820 1306 τῶν
838 1265 1100 1320 αὖτουργιῶν
1120 1270 1196 1307 τοῦ
1213 1267 1476 1309 ὲπισκοπείου
1496 1264 1520 1320 ἢ
1539 1271 1615 1308 τοῦ
1631 1268 1907 1320 μοναστηρίου

412 1332 470 1378 εἰς
499 1326 743 1382 ἂρχοντικὴν
760 1337 873 1383 χεῖρα
891 1328 915 1385 ἢ
934 1333 1000 1372 καὶ
1022 1329 1148 1384 ἑτέρῳ
1165 1330 1380 1384 προσώπῳ
1400 1331 1594 1380 ἐκδιδούς,
1626 1328 1782 1383 ἄκυρον
1804 1329 1908 1372 εἶναι

412 1396 492 1448 τὴν
512 1394 676 1437 ἔκδοσιν
694 1395 798 1436 κατὰ
816 1395 894 1438 τὸν
912 1395 1071 1437 κανόνα
1095 1401 1184 1437 ταῖν
1204 1393 1333 1449 ἁγίων
1353 1395 1602 1437 ἀποστόλων
1620 1396 1696 1437 τὸν
1716 1397 1906 1449 λέγοντα·

415 1458 598 1502 Πάντων
626 1464 714 1502 τῶν
741 1460 1089 1515 ἐκκλησιαστικῶν
1116 1460 1368 1514 πραγμάτων
1388 1458 1411 1503 ὃ
1430 1461 1651 1509 ἐπίσκοπος
1678 1461 1804 1512 ἐχέτω
1832 1459 1909 1514 τὴν

411 1526 631 1576 φροντίδα,
660 1527 726 1566 καὶ
747 1526 951 1567 διοικείτω
980 1525 1086 1567 αὐτὰ
1106 1523 1163 1574 ὡς
1181 1531 1259 1567 τοῦ
1279 1530 1384 1567 θεοῦ
1403 1525 1657 1578 ἐφορῶντος·
1685 1524 1739 1578 μὴ
1762 1525 1908 1576 ἐξεῖναι

412 1592 454 1630 δὲ
485 1586 602 1642 αὐτῷ
630 1592 934 1642 σφετερίζεσθαί
966 1607 1006 1632 τι
1042 1591 1084 1642 ἐξ
1116 1587 1259 1632 αὐτῶν
1287 1589 1311 1642 ἢ
1341 1592 1572 1643 συγγενέσιν
1608 1592 1724 1638 ἰδίοις
1752 1590 1802 1632 τὰ
1829 1596 1908 1631 τοῦ

414 1659 522 1697 θεοῦ·
546 1658 801 1708 χαρίζεσθαι·
837 1656 873 1697 εἰ
906 1657 950 1697 δὲ
983 1657 1154 1709 πένητες
1189 1654 1282 1705 εἶεν,
1316 1655 1605 1709 ἐπιχορηγείτω
1640 1653 1696 1703 ὡς
1724 1656 1907 1709 πένησιν,

411 1716 519 1761 ἀλλὰ
548 1719 604 1774 μὴ
630 1718 832 1772 προφάσει
859 1719 1024 1762 τούτων
1052 1719 1104 1761 τὰ
1131 1725 1205 1773 τῆς
1223 1720 1437 1774 ἐκκλησίας
1465 1719 1767 1772 α’πεμπολεὶτω.
1809 1719 1908 1761 Can.

412 1798 474 1839 ap.
509 1786 573 1838 38.

1127 1893 1211 1927 vm.

664 1968 884 2003 TARAsms
906 1968 1494 2003 CONSTANTINOPOLITANUS
1517 1969 1557 2012 [a.
1583 1969 1671 2011 787]-

526 2044 647 2099 Epist.
668 2044 716 2086 ad
733 2044 989 2095 Hadrianum,
1010 2046 1107 2086 Acta
1127 2044 1384 2086 conciliorum
1407 2044 1467 2085 ed.
1487 2044 1709 2085 Harduinus
1726 2044 1796 2094 IV,
1813 2055 1908 2097 513:

415 2108 574 2151 Κανών
606 2113 696 2151 τῶν
730 2107 859 2162 ἁγίων
888 2105 1137 2151 ἀποστόλων
1165 2107 1248 2150 κθ’.
1300 2109 1353 2150 Εἴ
1378 2125 1440 2157 τις
1473 2108 1696 2157 ἐπίσκοπος
1723 2113 1826 2158 κτλ.,
1855 2123 1909 2149 sc.

415 2173 559 2215 Canon
597 2188 659 2229 ap.
702 2186 767 2227 29,
805 2188 922 2230 quem
962 2173 1174 2228 patriarcha
1213 2188 1335 2228 aeque
1375 2188 1418 2215 ac
1456 2173 1632 2228 synodus
1669 2173 1840 2215 Nicaena
1875 2173 1911 2214 11

412 2238 658 2280 verbotenus
686 2238 825 2281 laudat.

1134 2347 1192 2379 lx.

831 2422 1090 2456 HADRIANUS
1113 2423 1125 2455 1
1150 2422 1264 2455 PAPA
1288 2422 1501 2465 [772—795J.

526 2498 711 2553 Epitome
739 2511 935 2540 canonum
957 2512 989 2540 a.
1012 2511 1091 2551 774
1113 2498 1259 2540 Carolo
1279 2498 1335 2539 M.
1356 2496 1495 2547 oblata,
1525 2497 1621 2538 Acta
1651 2495 1908 2537 conciliorum

415 2563 479 2604 ed.
515 2562 740 2605 Harduinus
779 2563 845 2613 111,
882 2575 933 2605 20
939 2576 957 2616 3
966 2565 1116 2616 3-36:
1157 2563 1444 2604 Ecclesiasticae
1489 2561 1644 2614 regulae
1686 2568 1910 2602 sanctorum

417 2635 572 2682 patrum
608 2627 894 2682 apostolorum,
937 2626 1109 2683 prolatae
1150 2642 1218 2682 per
1260 2626 1508 2668 Clementem
1549 2626 1772 2668 Romanum
1814 2638 1912 2679 pon·

416 2692 579 2744 uticem,
608 2706 708 2748 quae
738 2706 784 2734 ex
811 2694 961 2747 graecis
990 2692 1273 2747 exemplaribus
1304 2692 1343 2733 in
1372 2692 1502 2745 primo
1531 2690 1670 2731 ordine
1698 2697 1911 2744 ponuntur.

416 2757 445 2798 1.
475 2757 693 2812 Episcopus
722 2771 742 2799 a
772 2757 925 2799 duobus
961 2756 1022 2799 vel
1051 2757 1173 2799 tribus
1203 2756 1416 2798 ordinetur.
1474 2755 1521 2797 11.
1552 2754 1758 2809 Presbyter
1787 2762 1825 2796 et
1854 2769 1911 2796 re-

416 2822 508 2877 liqui
537 2822 667 2864 clerici
696 2822 743 2864 ab
760 2826 852 2864 ‘uno
880 2823 1069 2877 episcopo
1087 2821 1330 2863 ordinentur.
1378 2820 1443 2862 111.
1474 2820 1537 2862 Ne
1566 2820 1644 2862 mel
1674 2827 1712 2861 et
1740 2819 1841 2861 aliud
1871 2820 1911 2860 in

416 2886 607 2930 sacrificio
636 2886 836 2938 offeratur,
865 2888 939 2929 nisi
965 2886 1073 2942 quod
1092 2886 1291 2928 Dominus
1320 2887 1463 2928 statuit.
1514 2885 1583 2926 IV.
1613 2885 1747 2926 Novas
1775 2885 1912 2939 spicas,
