<?xml version="1.0" encoding="UTF-8"?>
<!DOCTYPE html PUBLIC "-//W3C//DTD XHTML 1.0 Transitional//EN"
    "http://www.w3.org/TR/xhtml1/DTD/xhtml1-transitional.dtd">
<html xmlns="http://www.w3.org/1999/xhtml" xml:lang="en" lang="en">
 <head>
  <title>
</title>
<meta http-equiv="Content-Type" content="text/html;charset=utf-8" />
  <meta name='ocr-system' content='tesseract 3.04.00' />
  <meta name='ocr-capabilities' content='ocr_page ocr_carea ocr_par ocr_line ocrx_word'/>
</head>
<body>
  <div class='ocr_page' id='page_1' title='image "./didascaliaetcon00funkgoog/didascaliaetcon00funkgoog_0978.png"; bbox 0 0 2457 3436; ppageno 0'>
   <div class='ocr_carea' id='block_1_1' title="bbox 1050 370 1904 408">
    <p class='ocr_par' dir='ltr' id='par_1_1' title="bbox 1050 370 1904 408">
     <span class='ocr_line' id='line_1_1' title="bbox 1050 370 1904 408; baseline 0.001 -1"><span class='ocrx_word' id='word_1_1' title='bbox 1050 379 1278 408; x_wconf 67' lang='lat' dir='ltr'><strong>snmmoms.</strong></span> <span class='ocrx_word' id='word_1_2' title='bbox 1833 370 1904 408; x_wconf 89' lang='lat'><strong>161</strong></span> 
     </span>
    </p>
   </div>
   <div class='ocr_carea' id='block_1_2' title="bbox 602 474 1723 601">
    <p class='ocr_par' dir='ltr' id='par_1_2' title="bbox 602 474 1723 601">
     <span class='ocr_line' id='line_1_2' title="bbox 1074 474 1247 516; baseline 0.006 -1"><span class='ocrx_word' id='word_1_3' title='bbox 1074 474 1110 515; x_wconf 95' lang='lat' dir='ltr'><strong>II</strong></span> <span class='ocrx_word' id='word_1_4' title='bbox 1160 487 1211 516; x_wconf 83' lang='lat' dir='ltr'><strong>xx</strong></span> <span class='ocrx_word' id='word_1_5' title='bbox 1238 507 1247 515; x_wconf 93' lang='lat'><strong><em>.</em></strong></span> 
     </span>
     <span class='ocr_line' id='line_1_3' title="bbox 602 474 1723 601; baseline 0.001 -9"><span class='ocrx_word' id='word_1_6' title='bbox 602 551 754 593; x_wconf 77' lang='lat' dir='ltr'><strong>oratio</strong></span> <span class='ocrx_word' id='word_1_7' title='bbox 781 553 1022 601; x_wconf 74' lang='lat' dir='ltr'><strong>postquam</strong></span> <span class='ocrx_word' id='word_1_8' title='bbox 1050 474 1411 593; x_wconf 47' lang='lat' dir='ltr'><strong>exstirrzxorunt</strong></span> <span class='ocrx_word' id='word_1_9' title='bbox 1438 553 1495 593; x_wconf 76' lang='lat' dir='ltr'><strong>ab</strong></span> <span class='ocrx_word' id='word_1_10' title='bbox 1524 552 1723 593; x_wconf 79' lang='lat' dir='ltr'><strong>homilia.</strong></span> 
     </span>
    </p>
   </div>
   <div class='ocr_carea' id='block_1_3' title="bbox 410 625 1970 1259">
    <p class='ocr_par' dir='ltr' id='par_1_3' title="bbox 410 625 1970 1259">
     <span class='ocr_line' id='line_1_4' title="bbox 529 625 1904 678; baseline 0.001 -12"><span class='ocrx_word' id='word_1_11' title='bbox 529 639 563 666; x_wconf 88' lang='lat'><strong>1.</strong></span> <span class='ocrx_word' id='word_1_12' title='bbox 594 625 699 666; x_wconf 80' lang='lat' dir='ltr'><strong>Deus</strong></span> <span class='ocrx_word' id='word_1_13' title='bbox 725 625 907 675; x_wconf 86' lang='lat' dir='ltr'><strong>salvator,</strong></span> <span class='ocrx_word' id='word_1_14' title='bbox 936 625 1044 667; x_wconf 89' lang='lat' dir='ltr'><strong>Deus</strong></span> <span class='ocrx_word' id='word_1_15' title='bbox 1064 626 1247 677; x_wconf 89' lang='lat' dir='ltr'><strong>universi,</strong></span> <span class='ocrx_word' id='word_1_16' title='bbox 1276 627 1456 667; x_wconf 88' lang='lat' dir='ltr'><strong>omnium</strong></span> <span class='ocrx_word' id='word_1_17' title='bbox 1478 625 1662 667; x_wconf 87' lang='lat' dir='ltr'><strong>dominus</strong></span> <span class='ocrx_word' id='word_1_18' title='bbox 1683 633 1722 668; x_wconf 85' lang='lat' dir='ltr'><strong>et</strong></span> <span class='ocrx_word' id='word_1_19' title='bbox 1741 634 1904 678; x_wconf 84' lang='lat' dir='ltr'><strong>creator,</strong></span> 
     </span>
     <span class='ocr_line' id='line_1_5' title="bbox 410 690 1906 747; baseline 0.001 -16"><span class='ocrx_word' id='word_1_20' title='bbox 410 691 573 743; x_wconf 82' lang='lat' dir='ltr'><strong>genitor</strong></span> <span class='ocrx_word' id='word_1_21' title='bbox 602 691 806 744; x_wconf 83' lang='lat' dir='ltr'><strong>unigeniti,</strong></span> <span class='ocrx_word' id='word_1_22' title='bbox 842 691 907 746; x_wconf 91' lang='lat' dir='ltr'><strong>qui</strong></span> <span class='ocrx_word' id='word_1_23' title='bbox 942 690 1193 732; x_wconf 81' lang='lat' dir='ltr'><em>characterem</em></span> <span class='ocrx_word' id='word_1_24' title='bbox 1228 692 1360 732; x_wconf 90' lang='lat' dir='ltr'><strong>vivum</strong></span> <span class='ocrx_word' id='word_1_25' title='bbox 1392 699 1430 733; x_wconf 89' lang='lat' dir='ltr'><strong>et</strong></span> <span class='ocrx_word' id='word_1_26' title='bbox 1459 705 1594 733; x_wconf 87' lang='lat' dir='ltr'><strong>verum</strong></span> <span class='ocrx_word' id='word_1_27' title='bbox 1623 692 1805 744; x_wconf 87' lang='lat' dir='ltr'><strong>genuisti,</strong></span> <span class='ocrx_word' id='word_1_28' title='bbox 1839 693 1906 747; x_wconf 91' lang='lat' dir='ltr'><strong>qui</strong></span> 
     </span>
     <span class='ocr_line' id='line_1_6' title="bbox 414 754 1905 811; baseline 0.002 -16"><span class='ocrx_word' id='word_1_29' title='bbox 414 754 463 796; x_wconf 83' lang='lat' dir='ltr'><strong>ad</strong></span> <span class='ocrx_word' id='word_1_30' title='bbox 493 754 698 796; x_wconf 83' lang='lat' dir='ltr'><strong>utilitatem</strong></span> <span class='ocrx_word' id='word_1_31' title='bbox 727 756 883 809; x_wconf 86' lang='lat' dir='ltr'><strong>generis</strong></span> <span class='ocrx_word' id='word_1_32' title='bbox 912 755 1120 797; x_wconf 89' lang='lat' dir='ltr'><strong>hominum</strong></span> <span class='ocrx_word' id='word_1_33' title='bbox 1152 770 1242 797; x_wconf 89' lang='lat' dir='ltr'><strong>eum</strong></span> <span class='ocrx_word' id='word_1_34' title='bbox 1272 757 1424 806; x_wconf 84' lang='lat' dir='ltr'><strong>misisti,</strong></span> <span class='ocrx_word' id='word_1_35' title='bbox 1453 757 1518 811; x_wconf 89' lang='lat' dir='ltr'><strong>qui</strong></span> <span class='ocrx_word' id='word_1_36' title='bbox 1548 770 1616 811; x_wconf 87' lang='lat' dir='ltr'><strong>per</strong></span> <span class='ocrx_word' id='word_1_37' title='bbox 1637 770 1728 797; x_wconf 92' lang='lat' dir='ltr'><strong>eum</strong></span> <span class='ocrx_word' id='word_1_38' title='bbox 1757 758 1905 798; x_wconf 86' lang='lat' dir='ltr'><strong>vocasti</strong></span> 
     </span>
     <span class='ocr_line' id='line_1_7' title="bbox 414 819 1970 877; baseline -0.001 -16"><span class='ocrx_word' id='word_1_39' title='bbox 414 827 455 861; x_wconf 85' lang='lat' dir='ltr'><strong>et</strong></span> <span class='ocrx_word' id='word_1_40' title='bbox 482 819 722 874; x_wconf 85' lang='lat' dir='ltr'><strong>adquisivisti</strong></span> <span class='ocrx_word' id='word_1_41' title='bbox 752 820 953 871; x_wconf 83' lang='lat' dir='ltr'><strong>homines3</strong></span> <span class='ocrx_word' id='word_1_42' title='bbox 994 832 1031 861; x_wconf 89' lang='lat'><strong>2.</strong></span> <span class='ocrx_word' id='word_1_43' title='bbox 1062 834 1220 862; x_wconf 89' lang='lat' dir='ltr'><strong>oramus</strong></span> <span class='ocrx_word' id='word_1_44' title='bbox 1247 828 1286 862; x_wconf 89' lang='lat' dir='ltr'><strong>te</strong></span> <span class='ocrx_word' id='word_1_45' title='bbox 1315 835 1388 875; x_wconf 91' lang='lat' dir='ltr'><strong>pro</strong></span> <span class='ocrx_word' id='word_1_46' title='bbox 1419 821 1494 862; x_wconf 84' lang='lat' dir='ltr'><strong>hoc</strong></span> <span class='ocrx_word' id='word_1_47' title='bbox 1523 821 1690 875; x_wconf 88' lang='lat' dir='ltr'><strong>populo;</strong></span> <span class='ocrx_word' id='word_1_48' title='bbox 1725 822 1903 877; x_wconf 88' lang='lat' dir='ltr'><strong>spiritum</strong></span> <span class='ocrx_word' id='word_1_49' title='bbox 1951 830 1970 859; x_wconf 78' lang='lat'>5</span> 
     </span>
     <span class='ocr_line' id='line_1_8' title="bbox 415 885 1905 941; baseline 0.001 -16"><span class='ocrx_word' id='word_1_50' title='bbox 415 892 592 926; x_wconf 87' lang='lat' dir='ltr'><strong>sanctum</strong></span> <span class='ocrx_word' id='word_1_51' title='bbox 631 885 743 926; x_wconf 87' lang='lat' dir='ltr'><strong>mitte</strong></span> <span class='ocrx_word' id='word_1_52' title='bbox 784 892 824 926; x_wconf 90' lang='lat' dir='ltr'><strong>et</strong></span> <span class='ocrx_word' id='word_1_53' title='bbox 857 885 1055 926; x_wconf 86' lang='lat' dir='ltr'><strong>Dominus</strong></span> <span class='ocrx_word' id='word_1_54' title='bbox 1089 885 1197 926; x_wconf 89' lang='lat' dir='ltr'><strong>Iesus</strong></span> <span class='ocrx_word' id='word_1_55' title='bbox 1232 886 1373 936; x_wconf 86' lang='lat' dir='ltr'><strong>visitet,</strong></span> <span class='ocrx_word' id='word_1_56' title='bbox 1414 885 1593 941; x_wconf 91' lang='lat' dir='ltr'><strong>loquatur</strong></span> <span class='ocrx_word' id='word_1_57' title='bbox 1632 887 1671 927; x_wconf 91' lang='lat' dir='ltr'><strong>in</strong></span> <span class='ocrx_word' id='word_1_58' title='bbox 1709 886 1905 928; x_wconf 88' lang='lat' dir='ltr'><strong>mentibus</strong></span> 
     </span>
     <span class='ocr_line' id='line_1_9' title="bbox 414 949 1904 1006; baseline 0.001 -16"><span class='ocrx_word' id='word_1_59' title='bbox 414 950 596 990; x_wconf 89' lang='lat' dir='ltr'><strong>omnium</strong></span> <span class='ocrx_word' id='word_1_60' title='bbox 625 957 664 991; x_wconf 89' lang='lat' dir='ltr'><strong>et</strong></span> <span class='ocrx_word' id='word_1_61' title='bbox 693 957 894 1003; x_wconf 84' lang='lat' dir='ltr'><strong>praeparet</strong></span> <span class='ocrx_word' id='word_1_62' title='bbox 923 950 1040 991; x_wconf 88' lang='lat' dir='ltr'><strong>corda</strong></span> <span class='ocrx_word' id='word_1_63' title='bbox 1064 949 1113 992; x_wconf 91' lang='lat' dir='ltr'><strong>ad</strong></span> <span class='ocrx_word' id='word_1_64' title='bbox 1132 949 1272 1001; x_wconf 83' lang='lat' dir='ltr'><strong>fidem3</strong></span> <span class='ocrx_word' id='word_1_65' title='bbox 1305 963 1340 1003; x_wconf 89' lang='lat'><strong>3.</strong></span> <span class='ocrx_word' id='word_1_66' title='bbox 1370 951 1452 1006; x_wconf 91' lang='lat' dir='ltr'><strong>ipse</strong></span> <span class='ocrx_word' id='word_1_67' title='bbox 1472 950 1520 992; x_wconf 91' lang='lat' dir='ltr'><strong>ad</strong></span> <span class='ocrx_word' id='word_1_68' title='bbox 1539 958 1579 992; x_wconf 89' lang='lat' dir='ltr'><strong>te</strong></span> <span class='ocrx_word' id='word_1_69' title='bbox 1597 951 1722 992; x_wconf 85' lang='lat' dir='ltr'><strong>trahat</strong></span> <span class='ocrx_word' id='word_1_70' title='bbox 1742 951 1904 1001; x_wconf 86' lang='lat' dir='ltr'><strong>animas,</strong></span> 
     </span>
     <span class='ocr_line' id='line_1_10' title="bbox 414 1013 1904 1070; baseline 0.002 -16"><span class='ocrx_word' id='word_1_71' title='bbox 414 1014 523 1055; x_wconf 90' lang='lat' dir='ltr'><strong>Deus</strong></span> <span class='ocrx_word' id='word_1_72' title='bbox 552 1013 924 1066; x_wconf 79' lang='lat' dir='ltr'><strong>misericordiarum3</strong></span> <span class='ocrx_word' id='word_1_73' title='bbox 953 1014 1112 1069; x_wconf 87' lang='lat' dir='ltr'><strong>posside</strong></span> <span class='ocrx_word' id='word_1_74' title='bbox 1140 1015 1330 1069; x_wconf 91' lang='lat' dir='ltr'><strong>populum</strong></span> <span class='ocrx_word' id='word_1_75' title='bbox 1360 1016 1476 1057; x_wconf 84' lang='lat' dir='ltr'><strong>etiam</strong></span> <span class='ocrx_word' id='word_1_76' title='bbox 1507 1016 1547 1056; x_wconf 85' lang='lat' dir='ltr'><strong>in</strong></span> <span class='ocrx_word' id='word_1_77' title='bbox 1573 1015 1644 1057; x_wconf 90' lang='lat' dir='ltr'><strong>hac</strong></span> <span class='ocrx_word' id='word_1_78' title='bbox 1679 1015 1785 1066; x_wconf 86' lang='lat' dir='ltr'><strong>urbe,</strong></span> <span class='ocrx_word' id='word_1_79' title='bbox 1814 1030 1904 1070; x_wconf 89' lang='lat' dir='ltr'><strong>pos-</strong></span> 
     </span>
     <span class='ocr_line' id='line_1_11' title="bbox 412 1078 1903 1133; baseline 0.001 -13"><span class='ocrx_word' id='word_1_80' title='bbox 412 1078 497 1120; x_wconf 90' lang='lat' dir='ltr'><strong>side</strong></span> <span class='ocrx_word' id='word_1_81' title='bbox 524 1092 686 1132; x_wconf 88' lang='lat' dir='ltr'><strong>gregem</strong></span> <span class='ocrx_word' id='word_1_82' title='bbox 716 1079 933 1132; x_wconf 86' lang='lat' dir='ltr'><strong>genuinum</strong></span> <span class='ocrx_word' id='word_1_83' title='bbox 961 1093 1029 1133; x_wconf 88' lang='lat' dir='ltr'><strong>per</strong></span> <span class='ocrx_word' id='word_1_84' title='bbox 1059 1080 1304 1133; x_wconf 89' lang='lat' dir='ltr'><strong>unigenitum</strong></span> <span class='ocrx_word' id='word_1_85' title='bbox 1333 1087 1443 1121; x_wconf 88' lang='lat' dir='ltr'><strong>tuum</strong></span> <span class='ocrx_word' id='word_1_86' title='bbox 1472 1080 1602 1121; x_wconf 86' lang='lat' dir='ltr'><strong>lesum</strong></span> <span class='ocrx_word' id='word_1_87' title='bbox 1630 1080 1833 1123; x_wconf 86' lang='lat' dir='ltr'><strong>Christum</strong></span> <span class='ocrx_word' id='word_1_88' title='bbox 1863 1081 1903 1121; x_wconf 91' lang='lat' dir='ltr'><strong>in</strong></span> 
     </span>
     <span class='ocr_line' id='line_1_12' title="bbox 412 1143 1969 1198; baseline -0.001 -14"><span class='ocrx_word' id='word_1_89' title='bbox 412 1151 551 1186; x_wconf 87' lang='lat' dir='ltr'><strong>sancto</strong></span> <span class='ocrx_word' id='word_1_90' title='bbox 579 1144 726 1198; x_wconf 83' lang='lat' dir='ltr'><strong>spiritu,</strong></span> <span class='ocrx_word' id='word_1_91' title='bbox 760 1158 829 1198; x_wconf 90' lang='lat' dir='ltr'><strong>per</strong></span> <span class='ocrx_word' id='word_1_92' title='bbox 862 1157 979 1198; x_wconf 90' lang='lat' dir='ltr'><strong>quem</strong></span> <span class='ocrx_word' id='word_1_93' title='bbox 1015 1143 1082 1186; x_wconf 88' lang='lat' dir='ltr'><strong>tibi</strong></span> <span class='ocrx_word' id='word_1_94' title='bbox 1116 1144 1239 1198; x_wconf 84' lang='lat' dir='ltr'><strong>gloria</strong></span> <span class='ocrx_word' id='word_1_95' title='bbox 1275 1151 1313 1186; x_wconf 91' lang='lat' dir='ltr'><strong>et</strong></span> <span class='ocrx_word' id='word_1_96' title='bbox 1348 1145 1556 1198; x_wconf 90' lang='lat' dir='ltr'><strong>imperium</strong></span> <span class='ocrx_word' id='word_1_97' title='bbox 1595 1153 1633 1186; x_wconf 90' lang='lat' dir='ltr'><strong>et</strong></span> <span class='ocrx_word' id='word_1_98' title='bbox 1662 1160 1766 1187; x_wconf 91' lang='lat' dir='ltr'><strong>nunc</strong></span> <span class='ocrx_word' id='word_1_99' title='bbox 1796 1153 1835 1187; x_wconf 86' lang='lat' dir='ltr'><strong>et</strong></span> <span class='ocrx_word' id='word_1_100' title='bbox 1863 1147 1902 1187; x_wconf 91' lang='lat' dir='ltr'><strong>in</strong></span> <span class='ocrx_word' id='word_1_101' title='bbox 1930 1153 1969 1183; x_wconf 78' lang='grc' dir='ltr'><strong>ιο</strong></span> 
     </span>
     <span class='ocr_line' id='line_1_13' title="bbox 412 1207 1171 1259; baseline 0.001 -10"><span class='ocrx_word' id='word_1_102' title='bbox 412 1208 548 1250; x_wconf 89' lang='lat' dir='ltr'><strong>omnia</strong></span> <span class='ocrx_word' id='word_1_103' title='bbox 577 1207 727 1250; x_wconf 89' lang='lat' dir='ltr'><strong>saecula</strong></span> <span class='ocrx_word' id='word_1_104' title='bbox 756 1208 1014 1259; x_wconf 90' lang='lat' dir='ltr'><strong>saeculorum,</strong></span> <span class='ocrx_word' id='word_1_105' title='bbox 1044 1222 1171 1250; x_wconf 88' lang='lat' dir='ltr'><strong>amen.</strong></span> 
     </span>
    </p>
   </div>
   <div class='ocr_carea' id='block_1_4' title="bbox 837 1425 1478 1553">
    <p class='ocr_par' dir='ltr' id='par_1_4' title="bbox 837 1425 1478 1553">
     <span class='ocr_line' id='line_1_14' title="bbox 1054 1425 1259 1480; baseline 0 -13"><span class='ocrx_word' id='word_1_106' title='bbox 1054 1425 1107 1467; x_wconf 92' lang='lat'><strong>111</strong></span> <span class='ocrx_word' id='word_1_107' title='bbox 1135 1425 1259 1480; x_wconf 80' lang='lat' dir='ltr'><strong>(xxi).</strong></span> 
     </span>
     <span class='ocr_line' id='line_1_15' title="bbox 837 1502 1478 1553; baseline 0 -10"><span class='ocrx_word' id='word_1_108' title='bbox 837 1502 989 1544; x_wconf 77' lang='lat' dir='ltr'><strong>Oratio</strong></span> <span class='ocrx_word' id='word_1_109' title='bbox 1018 1513 1101 1553; x_wconf 81' lang='lat' dir='ltr'><strong>pro</strong></span> <span class='ocrx_word' id='word_1_110' title='bbox 1129 1503 1478 1544; x_wconf 72' lang='lat' dir='ltr'><strong>catechumenis.</strong></span> 
     </span>
    </p>
   </div>
   <div class='ocr_carea' id='block_1_5' title="bbox 405 1575 1966 2280">
    <p class='ocr_par' dir='ltr' id='par_1_5' title="bbox 405 1575 1966 2280">
     <span class='ocr_line' id='line_1_16' title="bbox 526 1575 1966 1631; baseline -0.001 -15"><span class='ocrx_word' id='word_1_111' title='bbox 526 1590 557 1616; x_wconf 85' lang='lat'><strong>1.</strong></span> <span class='ocrx_word' id='word_1_112' title='bbox 589 1575 757 1617; x_wconf 90' lang='lat' dir='ltr'><strong>Adiutor</strong></span> <span class='ocrx_word' id='word_1_113' title='bbox 783 1583 822 1617; x_wconf 86' lang='lat' dir='ltr'><strong>et</strong></span> <span class='ocrx_word' id='word_1_114' title='bbox 842 1575 1003 1618; x_wconf 90' lang='lat' dir='ltr'><strong>domine</strong></span> <span class='ocrx_word' id='word_1_115' title='bbox 1023 1577 1217 1626; x_wconf 88' lang='lat' dir='ltr'><strong>omnium,</strong></span> <span class='ocrx_word' id='word_1_116' title='bbox 1247 1576 1427 1618; x_wconf 85' lang='lat' dir='ltr'><strong>liberator</strong></span> <span class='ocrx_word' id='word_1_117' title='bbox 1444 1576 1708 1626; x_wconf 88' lang='lat' dir='ltr'><strong>liberatorum,</strong></span> <span class='ocrx_word' id='word_1_118' title='bbox 1737 1585 1901 1631; x_wconf 88' lang='lat' dir='ltr'><strong>patrone</strong></span> <span class='ocrx_word' id='word_1_119' title='bbox 1928 1585 1966 1615; x_wconf 73' lang='lat'><strong>15</strong></span> 
     </span>
     <span class='ocr_line' id='line_1_17' title="bbox 409 1641 1900 1697; baseline 0 -14"><span class='ocrx_word' id='word_1_120' title='bbox 409 1648 650 1695; x_wconf 84' lang='lat' dir='ltr'><strong>ereptorum,</strong></span> <span class='ocrx_word' id='word_1_121' title='bbox 679 1655 768 1696; x_wconf 87' lang='lat' dir='ltr'><strong>spes</strong></span> <span class='ocrx_word' id='word_1_122' title='bbox 798 1655 950 1692; x_wconf 89' lang='lat' dir='ltr'><strong>eorum,</strong></span> <span class='ocrx_word' id='word_1_123' title='bbox 985 1642 1050 1697; x_wconf 91' lang='lat' dir='ltr'><strong>qui</strong></span> <span class='ocrx_word' id='word_1_124' title='bbox 1078 1642 1146 1683; x_wconf 90' lang='lat' dir='ltr'><strong>sub</strong></span> <span class='ocrx_word' id='word_1_125' title='bbox 1175 1655 1291 1683; x_wconf 88' lang='lat' dir='ltr'><strong>manu</strong></span> <span class='ocrx_word' id='word_1_126' title='bbox 1314 1642 1455 1696; x_wconf 81' lang='lat' dir='ltr'><strong>potenti</strong></span> <span class='ocrx_word' id='word_1_127' title='bbox 1479 1648 1543 1683; x_wconf 87' lang='lat' dir='ltr'><strong>tua</strong></span> <span class='ocrx_word' id='word_1_128' title='bbox 1572 1641 1740 1692; x_wconf 89' lang='lat' dir='ltr'><strong>fuerunt,</strong></span> <span class='ocrx_word' id='word_1_129' title='bbox 1774 1649 1816 1683; x_wconf 91' lang='lat' dir='ltr'><strong>tu</strong></span> <span class='ocrx_word' id='word_1_130' title='bbox 1845 1656 1900 1692; x_wconf 88' lang='lat' dir='ltr'><strong>es,</strong></span> 
     </span>
     <span class='ocr_line' id='line_1_18' title="bbox 409 1705 1900 1761; baseline 0 -14"><span class='ocrx_word' id='word_1_131' title='bbox 409 1706 476 1761; x_wconf 91' lang='lat' dir='ltr'><strong>qui</strong></span> <span class='ocrx_word' id='word_1_132' title='bbox 504 1706 747 1760; x_wconf 84' lang='lat' dir='ltr'><strong>iniquitatem</strong></span> <span class='ocrx_word' id='word_1_133' title='bbox 777 1706 976 1757; x_wconf 81' lang='lat' dir='ltr'><strong>sustulisti,</strong></span> <span class='ocrx_word' id='word_1_134' title='bbox 1012 1707 1078 1761; x_wconf 89' lang='lat' dir='ltr'><strong>qui</strong></span> <span class='ocrx_word' id='word_1_135' title='bbox 1111 1720 1181 1761; x_wconf 92' lang='lat' dir='ltr'><strong>per</strong></span> <span class='ocrx_word' id='word_1_136' title='bbox 1209 1707 1454 1760; x_wconf 86' lang='lat' dir='ltr'><strong>unigenitum</strong></span> <span class='ocrx_word' id='word_1_137' title='bbox 1484 1705 1701 1747; x_wconf 81' lang='lat' dir='ltr'><strong>destruxisti</strong></span> <span class='ocrx_word' id='word_1_138' title='bbox 1725 1715 1900 1747; x_wconf 86' lang='lat' dir='ltr'><strong>satanam</strong></span> 
     </span>
     <span class='ocr_line' id='line_1_19' title="bbox 409 1770 1900 1826; baseline 0 -14"><span class='ocrx_word' id='word_1_139' title='bbox 409 1778 450 1812; x_wconf 90' lang='lat' dir='ltr'><strong>et</strong></span> <span class='ocrx_word' id='word_1_140' title='bbox 467 1771 614 1812; x_wconf 86' lang='lat' dir='ltr'><strong>solvisti</strong></span> <span class='ocrx_word' id='word_1_141' title='bbox 629 1770 795 1825; x_wconf 86' lang='lat' dir='ltr'><strong>artificia</strong></span> <span class='ocrx_word' id='word_1_142' title='bbox 815 1771 897 1812; x_wconf 90' lang='lat' dir='ltr'><strong>eius</strong></span> <span class='ocrx_word' id='word_1_143' title='bbox 927 1778 965 1812; x_wconf 87' lang='lat' dir='ltr'><strong>et</strong></span> <span class='ocrx_word' id='word_1_144' title='bbox 992 1770 1160 1813; x_wconf 87' lang='lat' dir='ltr'><strong>liberasti</strong></span> <span class='ocrx_word' id='word_1_145' title='bbox 1188 1770 1235 1812; x_wconf 87' lang='lat' dir='ltr'><strong>ab</strong></span> <span class='ocrx_word' id='word_1_146' title='bbox 1255 1785 1304 1812; x_wconf 89' lang='lat' dir='ltr'><strong>eo</strong></span> <span class='ocrx_word' id='word_1_147' title='bbox 1334 1778 1469 1826; x_wconf 84' lang='lat' dir='ltr'><strong>captos</strong></span> <span class='ocrx_word' id='word_1_148' title='bbox 1477 1787 1489 1821; x_wconf 93' lang='lat'>;</span> <span class='ocrx_word' id='word_1_149' title='bbox 1519 1782 1557 1812; x_wconf 89' lang='lat'><strong>2.</strong></span> <span class='ocrx_word' id='word_1_150' title='bbox 1585 1772 1726 1824; x_wconf 88' lang='lat' dir='ltr'><strong>gratias</strong></span> <span class='ocrx_word' id='word_1_151' title='bbox 1747 1772 1900 1825; x_wconf 88' lang='lat' dir='ltr'><strong>agimus</strong></span> 
     </span>
     <span class='ocr_line' id='line_1_20' title="bbox 408 1835 1900 1891; baseline 0.001 -15"><span class='ocrx_word' id='word_1_152' title='bbox 408 1835 478 1877; x_wconf 87' lang='lat' dir='ltr'><strong>tibi</strong></span> <span class='ocrx_word' id='word_1_153' title='bbox 505 1849 578 1890; x_wconf 91' lang='lat' dir='ltr'><strong>pro</strong></span> <span class='ocrx_word' id='word_1_154' title='bbox 609 1835 912 1886; x_wconf 84' lang='lat' dir='ltr'><strong>catechumenis,</strong></span> <span class='ocrx_word' id='word_1_155' title='bbox 941 1836 1031 1891; x_wconf 88' lang='lat' dir='ltr'><strong>quia</strong></span> <span class='ocrx_word' id='word_1_156' title='bbox 1058 1836 1206 1878; x_wconf 86' lang='lat' dir='ltr'><strong>vocasti</strong></span> <span class='ocrx_word' id='word_1_157' title='bbox 1227 1849 1297 1877; x_wconf 88' lang='lat' dir='ltr'><strong>eos</strong></span> <span class='ocrx_word' id='word_1_158' title='bbox 1316 1849 1385 1889; x_wconf 89' lang='lat' dir='ltr'><strong>per</strong></span> <span class='ocrx_word' id='word_1_159' title='bbox 1404 1836 1649 1889; x_wconf 86' lang='lat' dir='ltr'><strong>unigenitum</strong></span> <span class='ocrx_word' id='word_1_160' title='bbox 1678 1842 1715 1877; x_wconf 91' lang='lat' dir='ltr'><strong>et</strong></span> <span class='ocrx_word' id='word_1_161' title='bbox 1736 1837 1900 1890; x_wconf 86' lang='lat' dir='ltr'><strong>cogniti-</strong></span> 
     </span>
     <span class='ocr_line' id='line_1_21' title="bbox 408 1899 1966 1955; baseline -0.001 -14"><span class='ocrx_word' id='word_1_162' title='bbox 408 1914 531 1942; x_wconf 88' lang='lat' dir='ltr'><strong>onem</strong></span> <span class='ocrx_word' id='word_1_163' title='bbox 552 1908 658 1941; x_wconf 89' lang='lat' dir='ltr'><strong>tuam</strong></span> <span class='ocrx_word' id='word_1_164' title='bbox 680 1901 735 1942; x_wconf 89' lang='lat' dir='ltr'><strong>eis</strong></span> <span class='ocrx_word' id='word_1_165' title='bbox 755 1900 913 1954; x_wconf 85' lang='lat' dir='ltr'><strong>largitus</strong></span> <span class='ocrx_word' id='word_1_166' title='bbox 933 1915 994 1951; x_wconf 86' lang='lat' dir='ltr'><strong>es;</strong></span> <span class='ocrx_word' id='word_1_167' title='bbox 1026 1913 1060 1954; x_wconf 84' lang='lat'><strong>3.</strong></span> <span class='ocrx_word' id='word_1_168' title='bbox 1083 1907 1120 1943; x_wconf 91' lang='lat' dir='ltr'><strong>et</strong></span> <span class='ocrx_word' id='word_1_169' title='bbox 1140 1908 1300 1955; x_wconf 88' lang='lat' dir='ltr'><strong>propter</strong></span> <span class='ocrx_word' id='word_1_170' title='bbox 1320 1900 1396 1941; x_wconf 88' lang='lat' dir='ltr'><strong>hoc</strong></span> <span class='ocrx_word' id='word_1_171' title='bbox 1417 1913 1592 1951; x_wconf 81' lang='lat' dir='ltr'><strong>oramus3</strong></span> <span class='ocrx_word' id='word_1_172' title='bbox 1617 1899 1901 1943; x_wconf 88' lang='lat' dir='ltr'><strong>confirmentur</strong></span> <span class='ocrx_word' id='word_1_173' title='bbox 1923 1910 1966 1939; x_wconf 76' lang='lat'><strong>2⁰</strong></span> 
     </span>
     <span class='ocr_line' id='line_1_22' title="bbox 408 1965 1904 2020; baseline 0 -14"><span class='ocrx_word' id='word_1_174' title='bbox 408 1966 448 2006; x_wconf 90' lang='lat' dir='ltr'><strong>in</strong></span> <span class='ocrx_word' id='word_1_175' title='bbox 477 1966 721 2019; x_wconf 89' lang='lat' dir='ltr'><strong>cognitione,</strong></span> <span class='ocrx_word' id='word_1_176' title='bbox 751 1972 794 2007; x_wconf 85' lang='lat' dir='ltr'><strong>ut</strong></span> <span class='ocrx_word' id='word_1_177' title='bbox 821 1973 1041 2020; x_wconf 78' lang='lat' dir='ltr'><strong>cognoscant</strong></span> <span class='ocrx_word' id='word_1_178' title='bbox 1069 1973 1103 2007; x_wconf 78' lang='lat' dir='ltr'><strong>te</strong></span> <span class='ocrx_word' id='word_1_179' title='bbox 1129 1965 1250 2006; x_wconf 88' lang='lat' dir='ltr'><strong>solum</strong></span> <span class='ocrx_word' id='word_1_180' title='bbox 1279 1965 1404 2006; x_wconf 82' lang='lat' dir='ltr'><strong>Deum</strong></span> <span class='ocrx_word' id='word_1_181' title='bbox 1433 1978 1563 2006; x_wconf 84' lang='lat' dir='ltr'><strong>verum</strong></span> <span class='ocrx_word' id='word_1_182' title='bbox 1587 1972 1621 2005; x_wconf 82' lang='lat' dir='ltr'><strong>ct</strong></span> <span class='ocrx_word' id='word_1_183' title='bbox 1643 1979 1749 2020; x_wconf 84' lang='lat' dir='ltr'><strong>quem</strong></span> <span class='ocrx_word' id='word_1_184' title='bbox 1769 1967 1904 2007; x_wconf 89' lang='lat' dir='ltr'><strong>misisti</strong></span> 
     </span>
     <span class='ocr_line' id='line_1_23' title="bbox 408 2028 1900 2080; baseline 0 -8"><span class='ocrx_word' id='word_1_185' title='bbox 408 2031 528 2072; x_wconf 82' lang='lat' dir='ltr'><strong>Iesum</strong></span> <span class='ocrx_word' id='word_1_186' title='bbox 561 2030 752 2072; x_wconf 87' lang='lat' dir='ltr'><strong>Christum</strong></span> <span class='ocrx_word' id='word_1_187' title='bbox 758 2044 776 2080; x_wconf 89' lang='lat'><em>;</em></span> <span class='ocrx_word' id='word_1_188' title='bbox 810 2029 1078 2072; x_wconf 82' lang='lat' dir='ltr'><strong>custodiantur</strong></span> <span class='ocrx_word' id='word_1_189' title='bbox 1111 2031 1152 2071; x_wconf 91' lang='lat' dir='ltr'><strong>in</strong></span> <span class='ocrx_word' id='word_1_190' title='bbox 1181 2029 1368 2071; x_wconf 88' lang='lat' dir='ltr'><strong>doctrinis</strong></span> <span class='ocrx_word' id='word_1_191' title='bbox 1397 2036 1436 2071; x_wconf 88' lang='lat' dir='ltr'><strong>et</strong></span> <span class='ocrx_word' id='word_1_192' title='bbox 1464 2030 1505 2070; x_wconf 90' lang='lat' dir='ltr'><strong>in</strong></span> <span class='ocrx_word' id='word_1_193' title='bbox 1534 2028 1685 2070; x_wconf 89' lang='lat' dir='ltr'><strong>mundo</strong></span> <span class='ocrx_word' id='word_1_194' title='bbox 1714 2044 1832 2072; x_wconf 90' lang='lat' dir='ltr'><strong>sensu</strong></span> <span class='ocrx_word' id='word_1_195' title='bbox 1861 2037 1900 2072; x_wconf 82' lang='lat' dir='ltr'><strong>et</strong></span> 
     </span>
     <span class='ocr_line' id='line_1_24' title="bbox 406 2094 1900 2150; baseline -0.001 -14"><span class='ocrx_word' id='word_1_196' title='bbox 406 2094 627 2150; x_wconf 89' lang='lat' dir='ltr'><strong>proficiant,</strong></span> <span class='ocrx_word' id='word_1_197' title='bbox 663 2103 704 2137; x_wconf 89' lang='lat' dir='ltr'><strong>ut</strong></span> <span class='ocrx_word' id='word_1_198' title='bbox 734 2094 842 2149; x_wconf 87' lang='lat' dir='ltr'><strong>digni</strong></span> <span class='ocrx_word' id='word_1_199' title='bbox 870 2094 966 2137; x_wconf 88' lang='lat' dir='ltr'><strong>fiant</strong></span> <span class='ocrx_word' id='word_1_200' title='bbox 993 2095 1145 2136; x_wconf 87' lang='lat' dir='ltr'><strong>lavacri</strong></span> <span class='ocrx_word' id='word_1_201' title='bbox 1170 2096 1458 2148; x_wconf 80' lang='lat' dir='ltr'><strong>regenerationis</strong></span> <span class='ocrx_word' id='word_1_202' title='bbox 1493 2101 1531 2136; x_wconf 91' lang='lat' dir='ltr'><strong>et</strong></span> <span class='ocrx_word' id='word_1_203' title='bbox 1559 2101 1785 2136; x_wconf 84' lang='lat' dir='ltr'><strong>sanctorum</strong></span> <span class='ocrx_word' id='word_1_204' title='bbox 1815 2109 1900 2150; x_wconf 86' lang='lat' dir='ltr'><strong>my·</strong></span> 
     </span>
     <span class='ocr_line' id='line_1_25' title="bbox 406 2159 1900 2214; baseline -0.001 -13"><span class='ocrx_word' id='word_1_205' title='bbox 406 2161 615 2202; x_wconf 70' lang='lat' dir='ltr'><strong>sterion-um</strong></span> <span class='ocrx_word' id='word_1_206' title='bbox 646 2173 715 2214; x_wconf 91' lang='lat' dir='ltr'><strong>per</strong></span> <span class='ocrx_word' id='word_1_207' title='bbox 743 2161 990 2214; x_wconf 84' lang='lat' dir='ltr'><strong>unigenitum</strong></span> <span class='ocrx_word' id='word_1_208' title='bbox 1019 2160 1149 2201; x_wconf 89' lang='lat' dir='ltr'><strong>Iesum</strong></span> <span class='ocrx_word' id='word_1_209' title='bbox 1179 2159 1379 2201; x_wconf 91' lang='lat' dir='ltr'><strong>Christum</strong></span> <span class='ocrx_word' id='word_1_210' title='bbox 1411 2160 1450 2200; x_wconf 92' lang='lat' dir='ltr'><strong>in</strong></span> <span class='ocrx_word' id='word_1_211' title='bbox 1479 2167 1616 2201; x_wconf 86' lang='lat' dir='ltr'><strong>sancto</strong></span> <span class='ocrx_word' id='word_1_212' title='bbox 1646 2161 1794 2214; x_wconf 87' lang='lat' dir='ltr'><strong>spiritu,</strong></span> <span class='ocrx_word' id='word_1_213' title='bbox 1831 2174 1900 2214; x_wconf 88' lang='lat' dir='ltr'><strong>per</strong></span> 
     </span>
     <span class='ocr_line' id='line_1_26' title="bbox 405 2224 1965 2280; baseline -0.001 -14"><span class='ocrx_word' id='word_1_214' title='bbox 405 2239 527 2280; x_wconf 89' lang='lat' dir='ltr'><strong>quem</strong></span> <span class='ocrx_word' id='word_1_215' title='bbox 554 2224 622 2266; x_wconf 85' lang='lat' dir='ltr'><strong>tibi</strong></span> <span class='ocrx_word' id='word_1_216' title='bbox 650 2224 772 2278; x_wconf 89' lang='lat' dir='ltr'><strong>gloria</strong></span> <span class='ocrx_word' id='word_1_217' title='bbox 802 2232 840 2266; x_wconf 90' lang='lat' dir='ltr'><strong>et</strong></span> <span class='ocrx_word' id='word_1_218' title='bbox 868 2226 1075 2279; x_wconf 86' lang='lat' dir='ltr'><strong>imperium</strong></span> <span class='ocrx_word' id='word_1_219' title='bbox 1105 2233 1146 2266; x_wconf 85' lang='lat' dir='ltr'><strong>et</strong></span> <span class='ocrx_word' id='word_1_220' title='bbox 1173 2238 1277 2266; x_wconf 89' lang='lat' dir='ltr'><strong>nunc</strong></span> <span class='ocrx_word' id='word_1_221' title='bbox 1307 2232 1346 2265; x_wconf 88' lang='lat' dir='ltr'><strong>et</strong></span> <span class='ocrx_word' id='word_1_222' title='bbox 1373 2225 1412 2265; x_wconf 91' lang='lat' dir='ltr'><strong>in</strong></span> <span class='ocrx_word' id='word_1_223' title='bbox 1443 2226 1576 2265; x_wconf 88' lang='lat' dir='ltr'><strong>omnia</strong></span> <span class='ocrx_word' id='word_1_224' title='bbox 1595 2225 1747 2266; x_wconf 90' lang='lat' dir='ltr'><strong>saecula</strong></span> <span class='ocrx_word' id='word_1_225' title='bbox 1766 2238 1898 2266; x_wconf 86' lang='lat' dir='ltr'><strong>saecu·</strong></span> <span class='ocrx_word' id='word_1_226' title='bbox 1921 2230 1965 2262; x_wconf 75' lang='lat'><strong>2⁵</strong></span> 
     </span>
    </p>
   </div>
   <div class='ocr_carea' id='block_1_6' title="bbox 405 2289 706 2340">
    <p class='ocr_par' dir='ltr' id='par_1_6' title="bbox 405 2289 706 2340">
     <span class='ocr_line' id='line_1_27' title="bbox 405 2289 706 2340; baseline -0.003 -9"><span class='ocrx_word' id='word_1_227' title='bbox 405 2289 549 2340; x_wconf 84' lang='lat' dir='ltr'><strong>lorum,</strong></span> <span class='ocrx_word' id='word_1_228' title='bbox 578 2303 706 2331; x_wconf 86' lang='lat' dir='ltr'><strong>amen.</strong></span> 
     </span>
    </p>
   </div>
   <div class='ocr_carea' id='block_1_7' title="bbox 403 2447 1900 2657">
    <p class='ocr_par' dir='ltr' id='par_1_7' title="bbox 403 2447 1900 2657">
     <span class='ocr_line' id='line_1_28' title="bbox 404 2447 1897 2495; baseline 0 -11"><span class='ocrx_word' id='word_1_229' title='bbox 404 2451 443 2484; x_wconf 85' lang='lat' dir='ltr'><strong>In</strong></span> <span class='ocrx_word' id='word_1_230' title='bbox 458 2450 536 2484; x_wconf 91' lang='lat' dir='ltr'><strong>Luc.</strong></span> <span class='ocrx_word' id='word_1_231' title='bbox 556 2449 699 2484; x_wconf 83' lang='lat' dir='ltr'>XXXVI</span> <span class='ocrx_word' id='word_1_232' title='bbox 716 2456 749 2485; x_wconf 84' lang='lat' dir='ltr'><strong>et</strong></span> <span class='ocrx_word' id='word_1_233' title='bbox 767 2451 920 2485; x_wconf 85' lang='lat' dir='ltr'><strong>XXXIX.</strong></span> <span class='ocrx_word' id='word_1_234' title='bbox 944 2471 985 2477; x_wconf 92' lang='lat'>—</span> <span class='ocrx_word' id='word_1_235' title='bbox 1009 2451 1118 2485; x_wconf 83' lang='lat' dir='ltr'><strong>orati·</strong></span> <span class='ocrx_word' id='word_1_236' title='bbox 1185 2448 1346 2495; x_wconf 81' lang='grc' dir='ltr'><strong><em>ἔμψυχον</em></strong></span> <span class='ocrx_word' id='word_1_237' title='bbox 1369 2447 1482 2492; x_wconf 78' lang='grc' dir='ltr'><strong><em>νόμον</em></strong></span> <span class='ocrx_word' id='word_1_238' title='bbox 1509 2451 1571 2484; x_wconf 80' lang='grc' dir='ltr'><strong>καὶ</strong></span> <span class='ocrx_word' id='word_1_239' title='bbox 1594 2448 1685 2484; x_wconf 78' lang='grc' dir='ltr'><strong><em>κατὰ</em></strong></span> <span class='ocrx_word' id='word_1_240' title='bbox 1710 2448 1794 2488; x_wconf 79' lang='grc' dir='ltr'><em>τοὺς</em></span> <span class='ocrx_word' id='word_1_241' title='bbox 1815 2447 1897 2484; x_wconf 80' lang='grc' dir='ltr'><strong><em>α’λα-</em></strong></span> 
     </span>
     <span class='ocr_line' id='line_1_29' title="bbox 404 2501 1900 2549; baseline 0.001 -12"><span class='ocrx_word' id='word_1_242' title='bbox 404 2514 508 2538; x_wconf 86' lang='lat' dir='ltr'><strong>onem</strong></span> <span class='ocrx_word' id='word_1_243' title='bbox 532 2510 606 2549; x_wconf 79' lang='lat' dir='ltr'><strong>post</strong></span> <span class='ocrx_word' id='word_1_244' title='bbox 623 2504 839 2548; x_wconf 82' lang='lat' dir='ltr'><strong>Evangelium</strong></span> <span class='ocrx_word' id='word_1_245' title='bbox 861 2505 990 2538; x_wconf 82' lang='lat' dir='ltr'><strong>tradunt</strong></span> <span class='ocrx_word' id='word_1_246' title='bbox 1012 2505 1117 2539; x_wconf 83' lang='lat' dir='ltr'><strong>Litur-</strong></span> <span class='ocrx_word' id='word_1_247' title='bbox 1183 2501 1311 2548; x_wconf 82' lang='grc' dir='ltr'><strong><em>λήτους</em></strong></span> <span class='ocrx_word' id='word_1_248' title='bbox 1342 2501 1564 2547; x_wconf 73' lang='grc' dir='ltr'><strong><em>στεναγμοὺς</em></strong></span> <span class='ocrx_word' id='word_1_249' title='bbox 1597 2507 1662 2539; x_wconf 79' lang='grc' dir='ltr'><strong>τοῦ</strong></span> <span class='ocrx_word' id='word_1_250' title='bbox 1695 2501 1900 2546; x_wconf 80' lang='grc' dir='ltr'><em>πνεύματος</em></span> 
     </span>
     <span class='ocr_line' id='line_1_30' title="bbox 403 2555 1897 2602; baseline 0 -10"><span class='ocrx_word' id='word_1_251' title='bbox 403 2560 481 2602; x_wconf 87' lang='lat' dir='ltr'><strong>giae</strong></span> <span class='ocrx_word' id='word_1_252' title='bbox 498 2558 713 2592; x_wconf 78' lang='lat' dir='ltr'><strong>Iacobitarum</strong></span> <span class='ocrx_word' id='word_1_253' title='bbox 732 2560 928 2602; x_wconf 82' lang='lat' dir='ltr'><strong>coptitarum</strong></span> <span class='ocrx_word' id='word_1_254' title='bbox 945 2564 978 2592; x_wconf 82' lang='lat' dir='ltr'><strong>et</strong></span> <span class='ocrx_word' id='word_1_255' title='bbox 994 2558 1117 2592; x_wconf 80' lang='lat' dir='ltr'><strong>abessi-</strong></span> <span class='ocrx_word' id='word_1_256' title='bbox 1184 2555 1472 2602; x_wconf 75' lang='grc' dir='ltr'><strong><em>ἐντυγχανόντων</em></strong></span> <span class='ocrx_word' id='word_1_257' title='bbox 1488 2559 1550 2591; x_wconf 72' lang='grc' dir='ltr'><strong>καὶ</strong></span> <span class='ocrx_word' id='word_1_258' title='bbox 1567 2555 1764 2601; x_wconf 80' lang='grc' dir='ltr'><em>λεγόντων·</em></span> <span class='ocrx_word' id='word_1_259' title='bbox 1788 2555 1897 2602; x_wconf 75' lang='grc' dir='ltr'><strong><em>Κύριε</em></strong></span> 
     </span>
     <span class='ocr_line' id='line_1_31' title="bbox 403 2608 1898 2657; baseline 0 -11"><span class='ocrx_word' id='word_1_260' title='bbox 403 2613 546 2654; x_wconf 74' lang='lat' dir='ltr'><strong>morum,</strong></span> <span class='ocrx_word' id='word_1_261' title='bbox 576 2613 778 2657; x_wconf 66' lang='lat' dir='ltr'><strong>Brigfflman,</strong></span> <span class='ocrx_word' id='word_1_262' title='bbox 808 2613 968 2656; x_wconf 78' lang='lat' dir='ltr'><strong>Liturgtes</strong></span> <span class='ocrx_word' id='word_1_263' title='bbox 996 2613 1020 2654; x_wconf 92' lang='lat'><strong>1,</strong></span> <span class='ocrx_word' id='word_1_264' title='bbox 1047 2623 1059 2646; x_wconf 80' lang='grc' dir='ltr'><strong>ι</strong></span> <span class='ocrx_word' id='word_1_265' title='bbox 1069 2622 1117 2656; x_wconf 88' lang='lat'><strong>57,</strong></span> <span class='ocrx_word' id='word_1_266' title='bbox 1184 2608 1206 2646; x_wconf 82' lang='grc' dir='ltr'><em>ὃ</em></span> <span class='ocrx_word' id='word_1_267' title='bbox 1219 2610 1307 2651; x_wconf 76' lang='grc' dir='ltr'><strong>θεὸς</strong></span> <span class='ocrx_word' id='word_1_268' title='bbox 1318 2608 1420 2655; x_wconf 75' lang='grc' dir='ltr'><strong>ἡμῶν</strong></span> <span class='ocrx_word' id='word_1_269' title='bbox 1432 2615 1560 2655; x_wconf 69' lang='grc' dir='ltr'><strong><em>κτῆσαι</em></strong></span> <span class='ocrx_word' id='word_1_270' title='bbox 1574 2609 1667 2654; x_wconf 80' lang='grc' dir='ltr'><strong><em>ἡμᾶς</em></strong></span> <span class='ocrx_word' id='word_1_271' title='bbox 1677 2612 1755 2655; x_wconf 82' lang='lat' dir='ltr'><strong>(les.</strong></span> <span class='ocrx_word' id='word_1_272' title='bbox 1769 2611 1898 2655; x_wconf 83' lang='lat'>26,13),</span> 
     </span>
    </p>
   </div>
   <div class='ocr_carea' id='block_1_8' title="bbox 403 2665 1898 2819">
    <p class='ocr_par' dir='ltr' id='par_1_8' title="bbox 403 2665 1898 2819">
     <span class='ocr_line' id='line_1_32' title="bbox 403 2665 1898 2711; baseline -0.001 -11"><span class='ocrx_word' id='word_1_273' title='bbox 403 2676 480 2701; x_wconf 86' lang='lat'>220.</span> <span class='ocrx_word' id='word_1_274' title='bbox 1185 2665 1347 2710; x_wconf 83' lang='lat' dir='ltr'><strong>Liturgias</strong></span> <span class='ocrx_word' id='word_1_275' title='bbox 1362 2666 1463 2699; x_wconf 84' lang='lat' dir='ltr'><strong>Marci</strong></span> <span class='ocrx_word' id='word_1_276' title='bbox 1479 2672 1511 2699; x_wconf 84' lang='lat' dir='ltr'><strong>et</strong></span> <span class='ocrx_word' id='word_1_277' title='bbox 1526 2665 1744 2700; x_wconf 82' lang='lat' dir='ltr'><strong>lacobitarum</strong></span> <span class='ocrx_word' id='word_1_278' title='bbox 1760 2666 1898 2711; x_wconf 74' lang='lat' dir='ltr'><strong>coptita-</strong></span> 
     </span>
     <span class='ocr_line' id='line_1_33' title="bbox 450 2719 1855 2766; baseline -0.001 -11"><span class='ocrx_word' id='word_1_279' title='bbox 450 2731 478 2764; x_wconf 87' lang='lat'><strong>3.</strong></span> <span class='ocrx_word' id='word_1_280' title='bbox 502 2724 632 2763; x_wconf 84' lang='grc' dir='ltr'><strong><em>κτῆσαι</em></strong></span> <span class='ocrx_word' id='word_1_281' title='bbox 654 2722 743 2764; x_wconf 53' lang='grc' dir='ltr'><strong>κτλ]</strong></span> <span class='ocrx_word' id='word_1_282' title='bbox 767 2722 960 2766; x_wconf 85' lang='lat' dir='ltr'><strong>Brightman</strong></span> <span class='ocrx_word' id='word_1_283' title='bbox 982 2720 1119 2755; x_wconf 87' lang='lat' dir='ltr'><strong>contulit</strong></span> <span class='ocrx_word' id='word_1_284' title='bbox 1185 2729 1256 2754; x_wconf 89' lang='lat' dir='ltr'><strong>rum</strong></span> <span class='ocrx_word' id='word_1_285' title='bbox 1279 2720 1313 2753; x_wconf 88' lang='lat' dir='ltr'><strong>in</strong></span> <span class='ocrx_word' id='word_1_286' title='bbox 1336 2730 1394 2753; x_wconf 85' lang='lat' dir='ltr'><strong>sua</strong></span> <span class='ocrx_word' id='word_1_287' title='bbox 1417 2720 1561 2753; x_wconf 83' lang='lat' dir='ltr'><strong>editione</strong></span> <span class='ocrx_word' id='word_1_288' title='bbox 1585 2731 1616 2764; x_wconf 87' lang='lat' dir='ltr'><strong>p.</strong></span> <span class='ocrx_word' id='word_1_289' title='bbox 1642 2719 1702 2753; x_wconf 87' lang='lat'><strong>126</strong></span> <span class='ocrx_word' id='word_1_290' title='bbox 1726 2725 1758 2753; x_wconf 87' lang='lat' dir='ltr'><strong>et</strong></span> <span class='ocrx_word' id='word_1_291' title='bbox 1785 2719 1855 2754; x_wconf 79' lang='lat'>166.</span> 
     </span>
     <span class='ocr_line' id='line_1_34' title="bbox 403 2770 1898 2819; baseline -0.001 -11"><span class='ocrx_word' id='word_1_292' title='bbox 403 2776 525 2809; x_wconf 78' lang='lat' dir='ltr'><strong>Athan.</strong></span> <span class='ocrx_word' id='word_1_293' title='bbox 539 2775 579 2809; x_wconf 88' lang='lat' dir='ltr'><strong>C.</strong></span> <span class='ocrx_word' id='word_1_294' title='bbox 591 2776 755 2816; x_wconf 80' lang='lat' dir='ltr'><strong>Arian.11,</strong></span> <span class='ocrx_word' id='word_1_295' title='bbox 771 2784 825 2817; x_wconf 82' lang='lat'><strong>14:</strong></span> <span class='ocrx_word' id='word_1_296' title='bbox 842 2770 965 2819; x_wconf 70' lang='grc' dir='ltr'><em>ὥσπερ</em></span> <span class='ocrx_word' id='word_1_297' title='bbox 976 2770 997 2809; x_wconf 79' lang='grc' dir='ltr'><strong>ὁ</strong></span> <span class='ocrx_word' id='word_1_298' title='bbox 1009 2772 1118 2809; x_wconf 76' lang='grc' dir='ltr'><em>πάλαι</em></span> <span class='ocrx_word' id='word_1_299' title='bbox 1227 2774 1281 2808; x_wconf 85' lang='grc' dir='ltr'><strong>ΙΙΙ.</strong></span> <span class='ocrx_word' id='word_1_300' title='bbox 1299 2773 1495 2808; x_wconf 86' lang='lat' dir='ltr'><strong>Orationem</strong></span> <span class='ocrx_word' id='word_1_301' title='bbox 1511 2784 1571 2818; x_wconf 83' lang='lat' dir='ltr'><strong>pro</strong></span> <span class='ocrx_word' id='word_1_302' title='bbox 1583 2774 1826 2807; x_wconf 80' lang='lat' dir='ltr'><strong>catechumenis</strong></span> <span class='ocrx_word' id='word_1_303' title='bbox 1842 2785 1898 2807; x_wconf 79' lang='lat' dir='ltr'><strong>ex-</strong></span> 
     </span>
    </p>
   </div>
   <div class='ocr_carea' id='block_1_9' title="bbox 404 2826 1897 2979">
    <p class='ocr_par' dir='ltr' id='par_1_9' title="bbox 404 2826 1897 2979">
     <span class='ocr_line' id='line_1_35' title="bbox 406 2826 1897 2876; baseline -0.001 -14"><span class='ocrx_word' id='word_1_304' title='bbox 406 2826 492 2869; x_wconf 80' lang='grc' dir='ltr'><strong>λαός</strong></span> <span class='ocrx_word' id='word_1_305' title='bbox 513 2828 553 2864; x_wconf 79' lang='grc' dir='ltr'><strong>ἐν</strong></span> <span class='ocrx_word' id='word_1_306' title='bbox 576 2826 745 2876; x_wconf 75' lang='grc' dir='ltr'><strong><em>Αἰγύπτῳ</em></strong></span> <span class='ocrx_word' id='word_1_307' title='bbox 767 2826 996 2873; x_wconf 76' lang='grc' dir='ltr'><strong><em>βαρούμενος</em></strong></span> <span class='ocrx_word' id='word_1_308' title='bbox 1020 2828 1120 2864; x_wconf 81' lang='grc' dir='ltr'><strong><em>ἐστέ·</em></strong></span> <span class='ocrx_word' id='word_1_309' title='bbox 1184 2829 1296 2862; x_wconf 83' lang='lat' dir='ltr'><strong>hibent</strong></span> <span class='ocrx_word' id='word_1_310' title='bbox 1324 2828 1586 2862; x_wconf 75' lang='lat' dir='ltr'><strong>Constitutiones</strong></span> <span class='ocrx_word' id='word_1_311' title='bbox 1616 2834 1722 2871; x_wconf 85' lang='lat' dir='ltr'><strong>apost.</strong></span> <span class='ocrx_word' id='word_1_312' title='bbox 1750 2828 1838 2869; x_wconf 86' lang='lat' dir='ltr'><strong>vm,</strong></span> <span class='ocrx_word' id='word_1_313' title='bbox 1867 2827 1897 2866; x_wconf 85' lang='lat'><strong>6,</strong></span> 
     </span>
     <span class='ocr_line' id='line_1_36' title="bbox 404 2878 1281 2927; baseline 0 -11"><span class='ocrx_word' id='word_1_314' title='bbox 404 2886 522 2926; x_wconf 75' lang='grc' dir='ltr'><strong><em>ναξεν,</em></strong></span> <span class='ocrx_word' id='word_1_315' title='bbox 547 2878 642 2918; x_wconf 67' lang='grc' dir='ltr'><strong>οὕτω</strong></span> <span class='ocrx_word' id='word_1_316' title='bbox 666 2885 728 2917; x_wconf 79' lang='grc' dir='ltr'><strong>καὶ</strong></span> <span class='ocrx_word' id='word_1_317' title='bbox 755 2879 857 2926; x_wconf 79' lang='grc' dir='ltr'><strong><em>ἡμῶν</em></strong></span> <span class='ocrx_word' id='word_1_318' title='bbox 879 2880 1035 2927; x_wconf 76' lang='grc' dir='ltr'><em>ἐχόντων</em></span> <span class='ocrx_word' id='word_1_319' title='bbox 1056 2880 1120 2917; x_wconf 79' lang='grc' dir='ltr'><strong>τὸν</strong></span> <span class='ocrx_word' id='word_1_320' title='bbox 1188 2891 1202 2925; x_wconf 85' lang='lat'>5</span> <span class='ocrx_word' id='word_1_321' title='bbox 1210 2882 1281 2916; x_wconf 87' lang='lat'><strong>-8.</strong></span> 
     </span>
     <span class='ocr_line' id='line_1_37' title="bbox 469 2938 1769 2979; baseline -0.002 -7"><span class='ocrx_word' id='word_1_322' title='bbox 469 2938 591 2979; x_wconf 71' lang='lat' dir='ltr'><strong>Fun,</strong></span> <span class='ocrx_word' id='word_1_323' title='bbox 614 2938 745 2972; x_wconf 64' lang='lat' dir='ltr'><strong>nmmo.</strong></span> <span class='ocrx_word' id='word_1_324' title='bbox 767 2948 807 2972; x_wconf 74' lang='grc' dir='ltr'><strong>ιτ</strong></span> <span class='ocrx_word' id='word_1_325' title='bbox 830 2938 977 2972; x_wconf 67' lang='lat' dir='ltr'><strong>Cous-nr.</strong></span> <span class='ocrx_word' id='word_1_326' title='bbox 999 2948 1051 2972; x_wconf 71' lang='grc' dir='ltr'><strong>ΑΡ.</strong></span> <span class='ocrx_word' id='word_1_327' title='bbox 1096 2938 1135 2971; x_wconf 92' lang='lat'><strong>11.</strong></span> <span class='ocrx_word' id='word_1_328' title='bbox 1730 2939 1769 2970; x_wconf 85' lang='lat'><strong>11</strong></span> 
     </span>
    </p>
   </div>
  </div>
 </body>
</html>
