2457 3436
792 381 1059 412 Avosroiomm
1087 381 1167 417 vm,
1197 384 1224 420 1,
1250 382 1364 420 16—2‚
1388 383 1418 413 2.
1767 372 1846 410 467

452 485 618 519 voverant
641 491 740 531 genu
762 477 876 527 Baal,
912 491 958 518 ex
987 477 1078 531 ipsis
1097 476 1203 518 solus
1223 476 1321 517 Elias
1350 476 1509 531 eiusque
1539 477 1744 531 discipulus
1774 478 1848 518 Eli-

453 556 469 582 s
505 542 784 584 miraculorum
823 542 1027 584 effectores
1064 541 1238 593 fuerunt;
1284 556 1365 583 non
1403 550 1535 584 tamen
1574 542 1673 584 Elias
1713 542 1848 584 derisit

452 607 522 648 iam
547 620 831 658 oeconomum,
859 608 1067 649 timentem
1095 606 1253 662 quidem
1274 607 1419 657 Deum,
1448 614 1486 648 at
1515 608 1625 659 signa
1653 621 1736 648 non
1757 606 1846 648 faci-

452 686 508 722 m;
547 685 677 726 neque
704 671 874 713 Elisaeus
903 671 1133 727 discipulum
1168 685 1282 713 suum
1312 671 1446 713 hostes
1480 671 1845 725 perhorrescentem

452 737 544 778 exit.
597 738 659 778 16.
689 735 765 778 Sed
793 737 898 778 enim
929 750 1057 792 neque
1075 737 1228 790 sapiens
1247 735 1400 787 Daniel,
1430 735 1488 777 bis
1518 750 1565 777 ex
1585 750 1654 777 ore
1683 736 1842 778 leonum

452 808 525 852 tus,
561 815 693 856 neque
720 810 799 844 tres
827 802 936 855 pueri
967 815 1014 842 ex
1042 802 1143 855 ignis
1171 800 1329 842 fornace
1356 801 1504 842 liberati
1533 800 1641 842 nihili
1669 800 1847 843 fecerunt

452 879 526 908 uos
555 881 651 908 suae
678 868 806 920 gentis
834 866 1029 907 homines.
1078 866 1260 907 Sciebant
1288 867 1392 907 enirn
1422 880 1465 907 se
1493 881 1575 907 non
1604 868 1683 908 suis
1703 866 1846 908 viribus

453 929 525 973 :ula
562 932 744 979 evasisse,
780 930 849 973 sed
884 931 958 972 Dei
996 931 1136 973 virtute
1175 945 1263 972 cum
1302 932 1412 983 signa
1445 932 1641 985 peregisse
1677 938 1761 973 tum
1800 931 1847 973 ab

453 996 547 1038 stiis
576 995 696 1037 fuisse
714 1003 901 1038 servatos.
955 1008 1013 1049 17.
1043 996 1176 1050 Itaque
1205 1009 1325 1036 nemo
1345 1003 1532 1047 vestrum,
1561 995 1650 1038 licet
1677 997 1727 1038 sit
1755 1010 1848 1050 pro-

452 1075 480 1111 ι,
523 1060 620 1102 licet
652 1061 926 1102 miraculorum
963 1068 1158 1115 operator,
1193 1075 1235 1102 se
1269 1060 1451 1102 adversus
1485 1060 1642 1102 fratrem
1678 1061 1847 1102 extollat.

452 1126 533 1167 iim
561 1125 603 1167 id
621 1125 746 1176 detur,
775 1133 817 1167 ut
836 1125 963 1168 nullus
981 1125 1145 1179 amplius
1164 1126 1212 1167 sit
1241 1125 1419 1176 infidelis,
1448 1125 1639 1180 superflua
1660 1126 1848 1180 deinceps

456 1191 600 1232 omnis
634 1191 837 1244 signorum
873 1192 1062 1245 operatio.
1124 1191 1183 1232 18.
1216 1191 1368 1232 Etenim
1403 1204 1488 1232 esse
1524 1191 1631 1246 pium
1664 1205 1709 1232 ex
1745 1191 1849 1232 bona

452 1256 573 1310 ‚piam
601 1255 801 1297 voluntate
835 1256 970 1306 oritur,
1012 1264 1049 1296 at
1085 1255 1266 1296 miracula
1299 1262 1448 1308 patrare
1484 1270 1531 1297 ex
1560 1256 1700 1297 virtute
1735 1256 1848 1307 illius,

452 1328 648 1374 ›peratur3
668 1334 835 1375 quorum
856 1321 1024 1375 primum
1045 1319 1204 1375 quidem
1225 1334 1298 1361 nos
1317 1321 1424 1374 ipsos
1444 1320 1612 1375 respicit,
1631 1320 1846 1362 secundum

481 1385 619 1427 Deum
647 1385 700 1426 ob
729 1399 860 1427 causas
887 1399 1001 1440 supra
1030 1385 1150 1427 dictas
1179 1393 1423 1440 operantem.
1481 1398 1540 1438 19.
1569 1385 1692 1440 Igitur
1720 1400 1848 1440 neque

452 1457 575 1492 :rator
603 1450 713 1491 nihili
740 1450 885 1504 pendat
904 1451 1095 1492 exercitus
1118 1449 1250 1501 duces,
1279 1451 1343 1504 qui
1372 1450 1443 1492 sub
1473 1451 1559 1505 ipso
1588 1458 1691 1501 sunt,
1721 1466 1849 1506 neque

452 1514 544 1556 fecti
580 1529 663 1566 eos,
698 1516 762 1571 qui
797 1516 890 1569 ipsis
922 1523 1070 1569 parent.
1125 1516 1230 1557 Nam
1265 1516 1296 1556 si
1333 1529 1414 1556 non
1444 1517 1534 1565 sint,
1570 1515 1706 1569 quibus
1743 1530 1849 1570 prae-

452 1588 553 1630 ntur,
583 1581 809 1634 supervacui
829 1587 942 1623 erunt
961 1579 1162 1635 praefecti;
1192 1588 1231 1622 et
1251 1581 1282 1621 si
1302 1595 1384 1622 non
1407 1581 1483 1622 sint
1508 1580 1625 1621 duces
1646 1582 1849 1632 exercitus,

463 1645 581 1687 stabit
598 1647 819 1700 imperium.
865 1658 928 1687 20.
958 1645 1068 1695 Quin
1089 1646 1202 1687 etiam
1226 1659 1352 1700 neque
1373 1646 1580 1700 episcopus
1600 1646 1639 1686 in
1661 1644 1850 1687 diaconos

452 1710 696 1765 presbyteros
725 1725 768 1752 se
788 1709 945 1752 extollat
965 1724 1093 1765 neque
1112 1710 1327 1765 presbyteri
1347 1711 1385 1750 in
1408 1710 1581 1764 plebem;
1611 1724 1657 1751 ex
1677 1710 1849 1765 utrisque

452 1789 470 1815 ³
491 1782 628 1817 coetus
648 1776 889 1829 compositio
911 1782 1045 1817 exstat.
1094 1787 1158 1817 21.
1188 1775 1369 1830 Episcopi
1399 1776 1541 1829 quippe
1565 1789 1608 1817 ac
1636 1775 1850 1829 presbyteri

452 1840 611 1882 fundam
640 1848 731 1882 sunt
760 1840 993 1890 sacerdotes,
1023 1848 1062 1881 et
1088 1839 1172 1881 laici
1200 1840 1446 1895 quorundam
1476 1847 1566 1881 sunt
1593 1839 1697 1891 laici3
1737 1849 1851 1895 atque

452 1924 456 1941 τ
480 1905 637 1960 quidem
658 1905 925 1947 Christianum
955 1906 993 1946 in
1023 1912 1157 1946 nostra
1179 1906 1357 1946 consistit
1385 1912 1597 1958 potestate;
1627 1905 1851 1960 apostolum

452 1983 465 2010 ›
491 1984 575 2012 esse
607 1979 674 2012 aut
703 1972 929 2024 episcopum
960 1977 1027 2011 aut
1054 1969 1144 2024 quid
1175 1970 1313 2020 simile,
1349 1977 1505 2011 nostrae
1538 1984 1618 2010 non
1650 1978 1708 2011 est
1742 1978 1852 2023 pote-

452 2034 489 2085 ἦε,
515 2035 583 2076 sed
610 2034 660 2077 ad
689 2035 821 2077 Deum
851 2035 1076 2088 largitorem
1105 2035 1377 2076 charismatum
1410 2036 1591 2089 pertinet.
1651 2047 1714 2076 22.
1744 2035 1851 2076 Haec

452 2113 486 2140 ur
518 2101 704 2142 hactenus
739 2099 839 2141 dicta
867 2101 944 2141 sint
980 2107 1139 2154 propter
1169 2113 1251 2150 eos,
1289 2100 1354 2154 qui
1384 2099 1490 2152 digni
1525 2099 1643 2141 habiti
1672 2107 1775 2150 sunt,
1812 2108 1853 2141 ut

452 2165 592 2207 rismata
620 2165 685 2206 vel
712 2164 919 2218 dignitates
947 2166 1180 2219 acciperent.

480 2229 522 2271 11.
548 2229 646 2272 mud
666 2244 761 2271 vero
790 2230 964 2271 sermoni
993 2228 1185 2279 addimus,
1216 2229 1321 2283 quod
1343 2243 1470 2283 neque
1497 2230 1639 2280 omnis,
1669 2230 1734 2284 qui
1764 2244 1853 2283 pro-

452 2301 515 2344 ttat,
545 2296 630 2349 pius
666 2302 737 2346 est,
778 2308 904 2349 neque
939 2295 1083 2344 omnis,
1123 2295 1188 2348 qui
1223 2294 1436 2335 daemones
1478 2294 1643 2347 expellit,
1684 2301 1851 2335 sanctus.

454 2464 474 2490 2.
487 2461 588 2493 ταῦτα
603 2477 639 2482 —-
663 2455 841 2500 εἰρήσθω]
858 2457 989 2490 Eisdem
1006 2468 1078 2490 ver·
1145 2462 1326 2495 numerant,
1339 2466 1400 2488 nec
1414 2466 1492 2489 vero
1504 2456 1750 2499 inscriptionem
1763 2456 1853 2488 exhi-

452 2509 644 2556 interpolator
658 2511 715 2551 lv,
733 2520 782 2552 10,
802 2520 815 2553 5
840 2512 1023 2545 sectionem
1039 2511 1079 2544 de
1145 2511 1231 2543 bent.
1245 2510 1690 2553 Turrianusinscripsiullspi
1700 2512 1772 2542 τῶν
1780 2508 1854 2543 ἐπι-

452 2566 553 2600 ictibus
575 2566 773 2600 terminavit.
812 2565 966 2599 clausula
980 2565 1078 2609 igitur
1145 2561 1293 2598 σκόπων
1304 2566 1364 2597 καὶ
1376 2563 1633 2607 πρεσβυτέρων
1647 2560 1815 2603 ἀναξίων.

452 2620 581 2654 utitutori
603 2618 809 2654 attribuenda
832 2625 892 2652 est.
1191 2628 1282 2660 1-›5.
1307 2618 1458 2651 Anastas.
1483 2618 1621 2655 Quaest.
1645 2617 1719 2651 XX.

452 2670 465 2705 l.
479 2667 544 2708 “On
573 2671 618 2709 οὕ
640 2670 784 2712 πάντως
804 2675 875 2712 πᾶς
897 2669 917 2707 ὁ
940 2685 1078 2716 προφη-
1192 2681 1283 2705 1-—2.
1306 2672 1470 2715 Origenes
1492 2671 1527 2704 In
1545 2672 1657 2704 Ioann.
1675 2677 1698 2704 t.
1715 2671 1855 2705 XXVIII

452 2725 700 2771 ονῆσαίμονας
711 2724 898 2771 ἐκβάλλων
915 2724 1080 2770 εὐσεβής.
1146 2737 1173 2759 c.
1201 2735 1323 2768 12—13
1349 2726 1526 2769 respiciens
1550 2724 1709 2769 Caipham
1739 2731 1772 2759 et
1794 2727 1856 2759 Ba-

452 2781 480 2814 ³d
492 2793 554 2816 non
569 2792 704 2826 prorsus
721 2782 830 2815 omnis
848 2781 1075 2825 prophetizans
1145 2780 1231 2813 laam
1254 2781 1396 2823 exponit,
1424 2790 1492 2812 non
1524 2790 1684 2824 quemque
1714 2781 1856 2823 prophe-

453 2835 614 2871 daetnonas
630 2836 756 2870 eiciens
772 2836 843 2879 pius
861 2840 920 2869 est.
959 2834 1013 2868 Sic
1028 2835 1078 2867 in-
1145 2840 1269 2867 tantem
1293 2844 1366 2867 esse
1391 2833 1584 2878 prophetam
1608 2840 1640 2867 et
1664 2840 1823 2867 sanctum.

452 2889 483 2922 ait
496 2902 524 2925 v.
556 2890 686 2935 Reliqui
698 2889 828 2923 codices
841 2894 937 2933 caput
948 2889 1079 2933 quidem
1190 2897 1219 2921 2.
1242 2888 1383 2931 Ps.·Ign.
1408 2888 1546 2931 Philipp.
1569 2897 1600 2928 4,
1622 2897 1654 2928 4.

1664 2941 1726 2975 30*

1876 1069 1915 1100 10

1874 1392 1914 1424 15

1874 1716 1917 1747 20

1874 2041 1916 2071 25
