2457 3436
909 365 1188 402 Aposromnvu,
1212 366 1291 402 vm,
1315 368 1343 405 1,
1366 368 1386 398 4
1400 368 1462 399 --9.
1852 357 1932 395 463

449 460 502 502 ted
528 460 744 516 infidelibus
773 461 953 512 eduntur,
983 475 1073 503 cum
1101 461 1334 503 Iudaeorum
1363 469 1448 503 tum
1479 461 1734 503 Graecorum.
1792 463 1931 517 Neque

450 525 546 568 enim
586 525 805 568 daemones
840 527 966 568 eicere
1002 534 1182 568 nostrum
1217 526 1532 569 emolumentum
1568 535 1638 577 est,
1673 527 1743 568 sed
1779 541 1931 579 eorum,

450 591 509 646 qui
552 605 624 645 per
667 590 816 633 Christi
862 592 1133 646 operationem
1180 599 1406 645 purgantur,
1455 592 1554 633 sicut
1605 592 1687 646 ipse
1732 592 1932 634 Dominus

450 667 519 697 nos
545 655 728 697 erudiens
757 655 929 699 ostendit
957 656 1144 699 dicendo:
1174 657 1303 698 Nolite
1327 656 1505 711 gaudere,
1534 658 1623 711 quia
1650 658 1802 711 spiritus
1829 656 1933 698 vobis

450 718 647 771 oboediunt,
677 721 745 762 sed
772 721 944 775 gaudete,
979 722 1077 777 quod
1108 723 1260 763 nomina
1293 729 1420 763 vestra
1451 723 1589 776 scripta
1622 730 1708 762 sunt
1741 722 1780 762 in
1814 722 1930 772 caelo,

450 784 600 839 quando
629 785 722 827 illud
749 785 907 841 quidem
937 787 1057 841 ipsius
1085 787 1227 828 virtute
1255 786 1311 837 fit,
1347 786 1424 828 hoc
1452 794 1581 828 autem
1618 794 1757 828 nostro
1790 786 1930 828 affectu

452 862 495 892 ac
518 849 659 901 studio,
687 851 802 893 nobis
820 851 999 894 videlicet
1027 851 1075 893 ab
1094 865 1145 894 eo
1173 851 1324 894 adiutis.
1371 866 1409 905 4.
1439 852 1534 893 Non
1556 865 1653 905 ergo
1674 865 1835 893 necesse
1855 858 1928 900 est,

458 916 634 957 momnis
656 915 782 958 fidelis
801 915 1015 959 daemones
1034 916 1197 971 expellat
1224 925 1289 959 aut
1307 917 1467 959 suscitet
1490 924 1669 958 mortuos
1697 924 1762 958 aut
1789 915 1931 970 linguis

459 977 634 1035 bquamr,
652 981 723 1023 sed
743 981 788 1032 is,
807 982 873 1036 qui
889 981 1119 1025 charismate
1134 981 1314 1036 dignatus
1333 990 1392 1024 est
1411 989 1572 1037 propter
1586 981 1753 1036 aliquam
1774 995 1928 1022 causam

463 1043 579 1086 utilem
605 1044 655 1086 ad
682 1045 844 1088 salutem
874 1045 1104 1098 infidelium,
1138 1048 1204 1102 qui
1233 1061 1349 1101 saepe
1382 1060 1463 1088 non
1499 1060 1729 1088 sermonum
1764 1045 1929 1087 demon-

465 1110 642 1160 stratione,
683 1110 752 1153 sed
785 1112 989 1165 signorum
1031 1112 1262 1167 operatione
1297 1119 1602 1153 commoventur
1642 1112 1784 1166 quique
1821 1110 1930 1165 digni

466 1181 538 1216 mut
567 1174 701 1217 salute.
758 1188 794 1229 5.
823 1176 917 1218 Non
954 1177 1059 1218 enim
1089 1190 1231 1218 omnes
1259 1177 1367 1231 impii
1400 1176 1594 1218 miraculis
1629 1183 1909 1219 convertuntur
1917 1192 1928 1228 ;

470 1237 554 1280 cuius
580 1240 634 1282 rei
662 1241 772 1282 testis
799 1242 882 1295 ipse
902 1242 1024 1292 Deus,
1052 1248 1095 1283 ut
1115 1241 1209 1283 dum
1234 1242 1323 1282 dicit
1351 1243 1390 1282 in
1410 1242 1529 1296 Lege:
1560 1241 1753 1295 Quoniam
1782 1243 1821 1282 in
1841 1241 1930 1282 aliis

472 1300 584 1358 linguis
600 1305 736 1361 loquar
746 1306 884 1361 populo
902 1306 987 1348 huic
1007 1315 1040 1348 et
1060 1308 1098 1348 in
1122 1306 1232 1348 labiis
1251 1307 1351 1357 aliis,
1381 1315 1415 1347 et
1433 1321 1505 1348 non
1524 1307 1683 1348 credent.
1731 1308 1769 1348 6.
1790 1306 1929 1361 Neque

474 1368 551 1412 euim
567 1371 753 1426 Aegyptii
782 1371 1041 1422 crediderunt,
1071 1385 1163 1413 cum
1181 1372 1316 1413 Moses
1343 1379 1404 1413 tot
1423 1379 1607 1426 tantaque
1630 1372 1740 1426 signa
1770 1378 1809 1413 et
1837 1385 1926 1425 pro-

474 1429 547 1488 ᾧ
570 1434 735 1487 faceret;
764 1450 893 1492 neque
920 1436 1131 1479 multitudo
1149 1436 1384 1479 Iudaeorum
1413 1436 1580 1478 credidit
1599 1436 1773 1487 Christo,
1803 1436 1930 1477 Mosis

471 1496 569 1552 simili,
583 1515 675 1543 cum
694 1516 838 1543 omnem
857 1502 1026 1544 morbum
1044 1516 1259 1557 omnemque
1275 1502 1532 1556 infirmitatem
1552 1510 1701 1542 curaret
1709 1516 1726 1550 ;
1746 1508 1784 1542 et
1801 1514 1929 1555 neque

465 1558 530 1607 fflos
554 1566 755 1620 permovit
780 1568 888 1621 virga
914 1568 955 1608 in
983 1574 1206 1621 serpentem
1226 1568 1393 1609 animata
1422 1574 1462 1608 et
1490 1581 1627 1607 manus
1651 1565 1732 1607 alba
1760 1565 1858 1606 facta
1886 1579 1930 1607 ac

459 1622 553 1672 Nilus
580 1632 621 1673 in
641 1633 874 1686 sanguinem
893 1646 1040 1681 versus,
1069 1646 1197 1687 neque
1226 1633 1299 1674 bos
1318 1634 1421 1673 caeci
1437 1632 1614 1681 videntes,
1644 1630 1774 1671 claudi
1796 1629 1928 1671 ambu-

453 1688 560 1738 lantes
589 1705 624 1738 et
649 1698 791 1739 mortui
804 1699 975 1739 suscitati
977 1711 996 1747 ;
1023 1704 1062 1739 et
1088 1696 1142 1739 illi
1164 1696 1322 1752 quidem
1352 1697 1581 1739 resistebant
1601 1697 1740 1737 Iannes
1770 1703 1808 1737 et
1828 1695 1927 1736 Iam-

452 1753 541 1812 bres,
574 1760 666 1804 huic
699 1775 795 1804 vero
827 1764 963 1804 Annas
998 1771 1038 1805 et
1072 1763 1251 1817 Caiphas.
1309 1776 1346 1816 7.
1382 1762 1447 1804 Sic
1482 1775 1564 1803 non
1599 1760 1782 1802 omnibus
1818 1761 1927 1813 signa

453 1825 686 1877 mundent,
707 1826 778 1869 sed
796 1827 843 1868 iis
861 1827 1072 1878 dumtaxat,
1093 1828 1158 1883 qui
1178 1827 1342 1869 candide
1357 1827 1406 1869 de
1426 1827 1539 1869 rebus
1560 1826 1743 1877 iudicant,
1758 1839 1925 1880 quorum

453 1896 482 1931 :t
520 1905 633 1933 causa
666 1892 758 1933 Deo
797 1899 980 1947 tanquam
1021 1893 1183 1947 sapienti
1218 1892 1458 1934 moderatori
1492 1893 1630 1946 placet,
1668 1898 1710 1932 ut
1746 1890 1927 1932 miracula

453 1964 723 2010 *erpetrentun
751 1970 836 1998 non
864 1958 1072 1999 hominum
1100 1957 1257 2008 viribus,
1286 1957 1354 1999 sed
1383 1972 1451 1999 sua
1479 1957 1693 1999 voluntate.
1752 1957 1788 1997 8.
1818 1956 1926 1996 Haec

453 2028 571 2062 nutem
589 2021 682 2063 ideo
700 2035 983 2072 memoramus,
1012 2037 1075 2074 ne,
1105 2023 1171 2078 qui
1190 2022 1417 2064 charismata
1438 2021 1663 2064 huiusmodi
1681 2027 1925 2075 acceperunt,

453 2096 493 2126 ze
517 2085 672 2128 efferant
689 2088 728 2128 in
760 2100 845 2138 eoS,
872 2088 938 2142 qui
966 2101 1049 2129 non
1077 2095 1323 2141 acceperunt.
1380 2100 1417 2140 9.
1448 2087 1690 2129 Charismata
1709 2099 1805 2127 vero
1834 2085 1927 2127 dici-

453 2161 546 2201 nus,
570 2165 668 2206 quae
686 2166 757 2206 per
785 2152 966 2194 miracula
985 2150 1097 2203 fiunt,
1126 2154 1311 2208 quoniam
1332 2166 1453 2193 nemo
1474 2159 1531 2193 est
1560 2165 1628 2205 per
1649 2151 1853 2193 Christum
1883 2151 1923 2192 in

453 2211 573 2257 Deum
600 2216 779 2269 credens,
809 2218 874 2272 qui
902 2231 984 2259 non
1003 2219 1196 2272 acceperit
1223 2218 1412 2259 charisma
1439 2216 1648 2272 spirituale.
1704 2229 1763 2257 10.
1792 2216 1924 2270 Ipsum

473 2291 559 2299 Q

454 2319 475 2352 1
494 2333 513 2356 e
525 2325 532 2364 1
546 2328 585 2359 20
606 2322 775 2369 ἧρἀβδος
790 2325 812 2358 h
832 2328 837 2364 Ι
856 2324 1082 2369 ἐψυχουμένη
1098 2336 1127 2367 a,
1151 2324 1236 2369 ἐμψ.
1254 2330 1288 2359 a²
1307 2329 1311 2367 j
1329 2327 1408 2368 χείρ
1425 2337 1432 2358 :
1448 2322 1540 2369 χήρα
1564 2325 1586 2357 h
1605 2330 1610 2364 ῑ
1630 2328 1672 2358 22
1695 2320 1926 2364 ἀνιστάμενοι

454 2382 472 2405 ²
494 2377 826 2422 ἀεΕεέγειρόμενοι
845 2379 1015 2414 hvat.
1036 2380 1040 2419 ζ
1059 2377 1257 2414 ἀνθίστατο
1269 2390 1303 2413 m
1317 2391 1336 2411 v
1356 2389 1360 2420 5
1380 2383 1422 2414 23
1437 2376 1606 2422 μαμβρὴς
1621 2388 1640 2411 e
1659 2379 1666 2420 Ι
1684 2380 1726 2412 26
1743 2374 1864 2411 ἐδόκει
1882 2377 1902 2409 d
1921 2378 1925 2419 ζ

454 2423 562 2520 gu>lh
601 2430 779 2522 ἷδὶαῦτοῦ
803 2433 824 2466 d
846 2444 865 2467 e
885 2438 890 2476 Ι
909 2437 951 2468 27
973 2432 1015 2468 τὸ
1032 2444 1061 2475 a,
1078 2436 1143 2469 τοῦ
1159 2429 1502 2476 ε128τοιάὁετοῐα
1519 2433 1539 2466 d
1560 2439 1562 2446 '
1583 2435 1625 2467 29
1645 2435 1774 2471 τῶν>
1791 2432 1813 2464 h
1831 2442 1865 2464 m
1882 2443 1902 2463 v
1920 2433 1925 2472 1

521 2497 535 2520 ε
547 2499 561 2526 ς
581 2499 589 2520 :
628 2500 652 2523 π
690 2499 726 2521 m

506 2603 528 2637 6.
544 2603 666 2651 Ἰαννῆς
691 2609 756 2642 καὶ
778 2604 956 2652 Ἰαμβρῆς]
985 2607 1150 2652 Origenes
1216 2607 1363 2641 scribitur
1396 2607 1524 2641 Iamnes
1565 2612 1597 2640 et
1632 2606 1795 2639 Mambres
1829 2605 1927 2646 liber;

460 2650 504 2689 1¹³
518 2658 699 2696 matthaeum
727 2672 850 2696 comm.
873 2672 937 2696 ser.
960 2672 987 2696 c.
1014 2671 1073 2705 117
1097 2662 1149 2696 ed.
1215 2662 1300 2695 unde
1329 2662 1398 2695 ausi
1421 2667 1496 2695 sunt
1524 2661 1654 2705 quidam
1684 2659 1857 2704 epistolam
1886 2659 1928 2692 ad

463 2704 565 2749 Baeti.
578 2716 629 2758 111,
645 2716 711 2761 916
735 2716 864 2750 scribit:
887 2716 970 2750 Item
985 2716 1073 2762 quod
1088 2716 1148 2750 ait:
1214 2715 1429 2750 Timotheum
1446 2715 1616 2759 repellere,
1639 2714 1730 2759 quasi
1748 2713 1926 2747 habentem

465 2759 540 2801 siem
562 2770 683 2805 Iamnes
712 2776 748 2804 et
771 2770 936 2805 Mambres
963 2771 1149 2804 restiterunt
1214 2770 1248 2803 in
1271 2780 1307 2804 se
1330 2776 1453 2804 textum
1470 2769 1603 2803 alicuius
1627 2769 1753 2808 secreti,
1777 2768 1834 2801 sed
1857 2778 1925 2800 non

468 2812 563 2865 Moysi,
580 2836 644 2860 non
666 2825 835 2859 invenitur
848 2825 882 2859 in
897 2825 1032 2869 publicis
1047 2825 1147 2868 scrip·
1215 2830 1398 2868 potuerunt.
1422 2823 1474 2858 cf.
1492 2823 1584 2867 Orig.
1598 2823 1636 2856 C.
1651 2822 1786 2856 Celsum
1798 2822 1855 2862 IV,
1871 2832 1925 2864 51;

469 2872 539 2916 ἲῑῑῐῖῦ,
556 2880 606 2913 sed
627 2881 658 2914 in
682 2880 770 2914 libro
792 2884 931 2921 secreto,
959 2879 1013 2924 qui
1035 2889 1148 2923 supra·
1214 2878 1331 2912 Euseb.
1354 2878 1503 2922 Praepar.
1527 2888 1644 2921 evang.
1667 2877 1724 2916 tx,
1747 2877 1777 2910 8.

1954 1051 1997 1083 10

1955 1376 1996 1407 15

1949 1698 1995 1730 20

1948 2021 1993 2053 25
