2457 3436
659 385 827 415 efflorens
857 385 978 415 Apos'r.
1006 385 1149 414 sruono
1179 384 1439 414 ,mruocnanffl
1469 385 1670 413 inscium.
1748 371 1906 413 XXXV

1121 559 1209 599 vn.

782 705 785 709 ⁵
855 656 1084 697 CANONES
1111 655 1475 697 Apos'romnun

721 732 919 774 simone
948 732 1304 773 ANTIOCHENAE
1333 731 1609 773 ADSCRIPTI.

527 841 656 882 Huius
684 841 894 894 scripturae
921 853 1115 881 summam
1145 840 1222 880 iam
1251 838 1465 880 Turrianus
1495 839 1533 879 in
1563 836 1660 880 libro
1686 838 1763 880 Pro
1793 852 1908 880 cano-

439 906 533 947 dhus
569 905 839 960 apostolorum
867 904 884 946 I
913 919 945 946 c.
978 917 1024 958 25
1056 918 1090 946 a.
1126 916 1223 958 1573
1255 903 1472 959 publicavit,
1508 903 1653 945 scilicet
1686 903 1839 945 titulum
1870 911 1908 945 et

439 985 593 1012 ¹anones
621 970 677 1012 IV
707 978 745 1012 et
775 970 811 1011 V
839 983 992 1023 graece,
1027 969 1171 1023 reliqua
1205 970 1244 1010 in
1281 968 1559 1023 compendium
1595 967 1748 1011 redacta
1777 968 1906 1010 latine.

439 1034 529 1078 dem
566 1050 738 1078 canones
771 1035 817 1077 ab
846 1035 1031 1090 apostolis
1065 1033 1263 1090 profectos
1299 1048 1384 1076 esse
1418 1034 1581 1084 censuit,
1618 1034 1729 1088 eique
1764 1035 1908 1075 assensi

439 1108 512 1142 unt
535 1101 723 1143 Batonius
742 1101 846 1142 Ann.
873 1112 960 1150 102,
996 1112 1163 1153 19—2o‚
1192 1100 1337 1150 Binius,
1368 1098 1544 1140 Concilia
1573 1098 1765 1152 generalia
1793 1098 1823 1150 1,
1849 1100 1908 1140 18.

438 1166 570 1208 &latalis
602 1164 822 1208 Alexander
861 1173 1005 1216 autem,
1046 1165 1091 1206 In
1127 1165 1213 1206 hist.
1251 1164 1386 1206 eccles.
1424 1178 1524 1205 saec.
1560 1163 1577 1205 I
1612 1163 1761 1206 dissert.
1797 1163 1908 1214 XIX,

438 1245 595 1273 mones
622 1231 869 1287 apocryphos
898 1238 936 1272 et
965 1230 1078 1284 plane
1100 1230 1374 1284 suppositicios
1394 1243 1479 1271 esse
1498 1228 1688 1284 probavit,
1717 1237 1758 1271 et
1776 1243 1909 1284 quam-

438 1310 540 1351 piam
570 1296 756 1338 nonnulla
783 1303 1012 1350 argumenta
1040 1295 1177 1346 attulit,
1206 1309 1304 1351 quae
1329 1295 1493 1336 minoris
1513 1295 1707 1336 momenti
1736 1302 1840 1345 sunt,
1870 1295 1907 1336 in
1945 1333 1950 1338 .

438 1363 647 1403 iniversum
676 1362 909 1403 sententiam
946 1375 1053 1402 suam
1089 1361 1140 1402 ita
1170 1359 1349 1410 firmavit,
1384 1368 1427 1402 ut
1463 1374 1549 1402 eam
1585 1359 1738 1414 plurimi
1774 1374 1910 1414 seque-

438 1434 567 1468 ·entur.
624 1426 740 1468 Pauci
773 1434 924 1469 tantum
962 1433 1096 1480 postea
1130 1426 1366 1468 authentiam
1403 1426 1611 1479 scripturae
1640 1424 1909 1476 defenderunt,

438 1506 546 1547 iuper
573 1491 688 1534 Pitra.

529 1557 726 1612 Scriptura
755 1557 836 1611 ipsa
865 1556 1032 1611 prologo
1067 1555 1115 1597 ad
1145 1555 1341 1611 synodum
1380 1554 1647 1610 apostolorum
1678 1555 1909 1597 Antiochiae

438 1620 562 1663 actam
606 1636 649 1664 se
685 1622 814 1672 refert,
857 1629 895 1664 et
937 1622 1136 1676 inscriptio
1180 1636 1264 1663 eam
1304 1636 1325 1662 a
1364 1620 1568 1675 Pamphilo
1604 1620 1830 1675 presbytero
1872 1621 1909 1662 in

438 1686 657 1729 ›ibliotheca
695 1687 882 1741 Origenis
925 1688 1122 1730 inventam
1170 1701 1253 1729 esse
1299 1686 1402 1728 dicit.
1460 1686 1652 1727 Neutrum
1700 1699 1794 1738 vero
1835 1685 1911 1728 fide

438 1751 588 1807 lignum
618 1759 690 1794 est.
744 1752 884 1807 Neque
913 1752 951 1794 S.
982 1752 1174 1807 Scriptura
1209 1751 1258 1794 de
1292 1750 1447 1807 synodo
1475 1750 1741 1806 apostolorum
1773 1752 1911 1792 Antio-

438 1818 532 1859 :hiae
552 1817 743 1859 celebrata
763 1817 945 1872 loquitur,
976 1832 1101 1872 neque
1122 1817 1322 1871 Origenes
1343 1816 1589 1859 decretorum
1611 1815 1753 1871 synodi
1773 1817 1912 1858 menti-

438 1897 542 1924 )nem
573 1882 675 1924 facit.
723 1884 872 1925 Auctor
891 1883 1048 1936 insuper
1077 1883 1158 1938 ipse
1189 1883 1304 1923 nimis
1334 1896 1376 1924 se
1397 1880 1474 1924 fide
1496 1882 1669 1937 privavit.
1719 1881 1912 1935 Scriptura

438 1955 473 1990 ta
501 1962 524 1989 e
554 1947 718 1989 diversis
738 1948 776 1989 S.
796 1948 1014 2002 Scripturae
1043 1947 1138 1989 locis
1162 1955 1200 1988 et
1220 1948 1397 1988 terminis
1417 1947 1645 2001 posterioris
1665 1947 1799 1987 aetatis
1819 1960 1912 1988 con-

438 2014 614 2055 minata
643 2020 714 2063 est,
745 2020 784 2054 ut
814 2027 1056 2068 nequaquam
1086 2012 1271 2067 apostolis
1299 2011 1360 2053 vel
1387 2012 1534 2067 aequali
1552 2011 1819 2067 apostolorum
1849 2011 1914 2053 ad-

438 2077 583 2119 udicari
612 2078 747 2132 possit.
795 2077 970 2119 Pluribus
998 2078 1094 2120 locis
1122 2086 1319 2133 praeterea
1339 2085 1417 2119 tam
1441 2091 1563 2132 prope
1586 2076 1635 2118 ad
1654 2076 1911 2118 Didascaliam

437 2142 484 2184 rel
504 2142 821 2185 constitutiones
840 2143 1106 2199 apostolorum
1137 2143 1298 2193 accedit,
1328 2150 1369 2184 ut
1388 2151 1521 2185 auctor
1543 2142 1615 2185 hos
1635 2142 1751 2184 libros
1770 2142 1912 2195 legisse

437 2208 646 2250 :ensendus
674 2209 734 2250 sit.
784 2208 961 2250 Clausula
988 2209 1047 2250 vel
1078 2222 1229 2250 canone
1248 2208 1287 2249 X
1307 2207 1449 2250 diserte
1470 2210 1584 2250 etiam
1606 2208 1790 2250 Canones
1818 2221 1912 2261 apo-

437 2273 618 2315 ·tolorum
656 2282 1029 2324 commemorantur,
1070 2274 1135 2329 qui
1171 2273 1485 2315 constitutiones
1519 2274 1740 2315 terminant.
1799 2272 1913 2322 Quae

436 2337 593 2380 :lausula
611 2338 770 2394 quidem
790 2339 830 2380 in
846 2339 1080 2381 editionibus
1100 2339 1291 2393 prioribus
1307 2337 1433 2389 deest;
1454 2338 1636 2380 omnibus
1657 2345 1785 2379 autem
1808 2336 1913 2378 codi-

436 2404 532 2445 :ibus
560 2402 700 2446 tradita
728 2403 829 2446 haud
858 2403 973 2446 dubie
1002 2418 1088 2459 pars
1116 2405 1325 2458 scripturae
1353 2403 1526 2445 habenda
1551 2411 1620 2446 est.
1672 2403 1837 2444 Canone
1856 2402 1911 2443 IV

436 2477 562 2511 ructor
591 2468 735 2510 cultum
766 2470 980 2524 imaginum
1010 2471 1164 2524 respicit
1203 2477 1240 2510 et
1274 2468 1463 2510 vocabulo
1499 2468 1745 2519 θεανδρικὸς
1782 2468 1914 2517 utitur,

436 2533 534 2589 {uod
562 2535 603 2575 in
633 2533 768 2577 litteris
798 2535 1013 2577 christianis
1042 2543 1131 2577 ante
1160 2534 1355 2576 saeculum
1378 2535 1415 2575 V
1444 2548 1525 2576 non
1555 2533 1718 2575 inveniri
1748 2531 1912 2574 videtur.

436 2600 543 2650 Quae
564 2613 653 2641 cum
676 2601 725 2641 ita
744 2601 834 2651 sint,
863 2601 1048 2655 scriptura
1069 2601 1130 2641 vix
1151 2599 1306 2642 saeculo
1329 2600 1363 2640 V
1385 2601 1490 2655 prior
1509 2607 1577 2641 est.
1625 2598 1878 2640 Innocentius
1897 2598 1914 2638 1

436 2665 661 2721 [401—17)
697 2680 780 2707 eam
817 2664 994 2707 nondum
1029 2666 1226 2719 cognitam
1263 2665 1406 2715 habuit,
1442 2672 1483 2706 ut
1512 2664 1711 2705 Harnack¹
1751 2663 1915 2712 censuit,

436 2732 488 2772 :ui
511 2732 552 2772 P.
575 2731 690 2786 Leiay
709 2730 958 2786 adstipulatus
979 2736 1068 2772 est.²
1114 2731 1274 2785 Scripsit
1299 2730 1455 2785 quidem
1478 2729 1699 2772 Alexandro
1729 2729 1914 2783 episcopo

542 2857 548 2873 ¹
574 2851 638 2884 Die
662 2851 791 2884 Mission
815 2852 879 2883 und
904 2851 1113 2893 Ausbreitemg
1135 2851 1187 2883 des
1212 2851 1436 2884 Christentums
1460 2858 1541 2893 1902
1567 2860 1597 2892 p.
1625 2850 1671 2890 58.

540 2911 552 2928 ²·
575 2905 682 2939 Revue
703 2906 740 2938 de
761 2907 865 2949 clerge‘
875 2905 1025 2949 sranccu‘s
1051 2914 1128 2948 1903
1154 2905 1231 2938 Oct.
1254 2916 1283 2949 p.
1312 2913 1489 2947 343-355,

1723 2956 1787 2990 111*
