2457 3436
944 385 1206 416 noea-omnm:
1233 385 1314 423 vm,
1343 387 1396 425 43,
1418 387 1450 420 3.
1861 376 1940 416 595

453 480 720 523 mummabit
744 482 787 523 in
803 495 910 523 omne
935 490 1024 537 opus
1051 482 1186 523 bonum
1212 480 1486 532 immutabiles,
1514 480 1747 536 inculpatoe,
1776 482 1939 536 irrepre-

452 553 606 596 oensos,
635 553 753 602 atque
773 545 977 588 nobiscum
998 546 1216 601 dignabitur
1233 547 1312 588 vita
1339 553 1496 588 aeterna
1524 560 1593 602 per
1613 546 1938 588 intercessionem

452 608 574 652 lileeti
593 609 665 653 filii
684 612 745 653 sui
763 611 852 653 Iesu
872 611 1030 659 Christi,
1058 611 1134 653 Dei
1154 618 1193 653 et
1211 610 1412 653 salvatoris
1432 612 1568 661 nostri,
1599 625 1689 653 cum
1712 625 1794 665 quo
1814 610 1938 664 gloria

452 675 512 728 psi
543 689 667 730 super
700 677 836 718 omnia
865 676 955 718 Deo
982 690 1027 718 ac
1061 677 1161 732 patri
1197 677 1239 718 in
1272 683 1410 718 sancto
1444 677 1580 731 spiritu
1611 675 1804 731 paracleto
1834 690 1938 718 nunc

452 746 480 780 et
509 753 674 794 semper
702 749 743 782 et
771 741 811 782 in
838 740 989 782 saecula
1017 740 1281 792 saeculorum3
1309 754 1438 783 amen.

452 870 613 913 tae-lpr
635 868 1128 915 ἀδηε>ρακνξ1ἐνά
1151 870 1182 904 Τ
1205 882 1213 904 2
1236 868 1303 906 σὺν
1326 881 1346 914 ρ
1369 870 1494 916 ΚΙτῷ
1517 867 1735 915 παρακλὴτφ
1758 874 1803 910 >
1825 881 1849 904 α
1873 882 1893 914 η
1924 868 1928 912 !

452 932 487 957 τε
507 922 531 956 d
552 922 570 957 f
587 923 622 957 T
641 935 651 957 ε
673 928 720 964 >
742 935 765 968 p
786 923 818 957 Κ
837 926 842 967 Ι
868 928 889 959 5
910 927 985 959 τῶν
1006 921 1150 959 αἰώνων
1168 928 1215 965 >
1240 937 1260 968 η
1280 927 1285 967 Ι
1305 921 1401 967 ἀμήν
1422 936 1432 959 :
1454 923 1645 968 subscripsit
1666 920 1845 964 διατάξεις
1864 926 1938 958 τῶν

452 970 565 1019 §rtur
585 974 801 1012 ἀποστόλων
823 975 881 1012 διὰ
903 975 1101 1022 κλὴμεντος
1122 983 1198 1018 τοῖς
1219 975 1366 1013 ἔθνεσιν
1387 975 1646 1013 «innatantem
1668 977 1700 1019 d,
1729 977 1831 1017 τέλος
1861 980 1937 1012 δια-

453 1033 570 1072 τιγόν
589 1033 663 1065 τᾶν
684 1028 745 1076 ἆγ.
766 1029 827 1067 ἐκ.
842 1030 900 1066 διὰ
921 1033 980 1066 Κλ.
995 1035 1196 1076 καθολικῆς
1212 1033 1442 1072 διδασκαλίας
1463 1031 1506 1073 T,
1528 1031 1629 1071 τέλος
1645 1029 1844 1072 διατάξεων
1864 1035 1939 1066 τῶν

455 1078 564 1126 “ri-v
584 1080 798 1121 ἆποοτόλων
821 1097 851 1131 p,
874 1083 1052 1126 διατάξεις
1073 1089 1147 1120 τῶν
1167 1081 1225 1130 ἆγ.
1249 1082 1462 1121 ἀποστόλων
1485 1098 1516 1130 η.

1738 2939 1802 2971 38*
