2457 3436
676 363 990 394 consummans
1018 363 1284 393 APOSTOLORUM
1312 364 1363 402 v1,
1391 365 1444 402 30,
1466 365 1561 397 5—9.
1786 353 1867 392 383

452 464 645 513 mimam,
679 456 756 502 οὐκ
783 460 887 502 εἰσὶν
912 462 1068 513 νεκροί·
1104 461 1207 513 λέγει
1238 459 1316 513 γὰρ
1345 457 1368 500 ὁ
1397 458 1535 512 σωτὴρ
1567 468 1655 508 τοῖς
1683 460 1864 501 Σαδδου-

452 536 517 572 uc·
545 527 673 577 ,,Περὶ
703 526 746 566 δὲ
774 529 849 579 τῆς
876 523 1139 572 α’ναστάσεως
1166 529 1256 565 τῶν
1283 528 1445 575 νεκρῶν
1473 521 1551 564 οὐκ
1579 519 1782 577 ἀνέγνωτε
1810 524 1861 566 τὸ

452 590 658 642 μμμένον,
693 586 756 631 ὅτι
791 589 873 642 ἐγὼ
908 587 932 631 ὃ
965 588 1067 637 θεὸς
1088 585 1261 642 Ἀβραὰμ
1293 590 1361 630 καὶ
1395 585 1420 630 ὃ
1448 587 1552 637 θεὸς
1576 584 1709 630 Ἰσαὰκ
1740 590 1810 630 καὶ
1838 587 1863 630 ὁ

454 670 474 703 ς
500 653 664 704 Tomi&
703 652 783 696 οὐκ
808 653 920 696 ἔστιν
939 649 1016 695 οὖν
1045 652 1070 696 ὅ
1089 653 1189 702 θεὸς
1216 653 1316 702 θεὸς
1342 657 1515 705 νεκρῶν,
1544 652 1647 694 α’λλὰ
1675 653 1864 705 ζώντων,

453 734 525 768 ντες
555 719 638 772 γὰρ
670 716 785 771 αὐτῷ
811 722 978 771 ζῶσιν“.
1036 731 1071 771 5.
1108 717 1263 760 οὔκουν
1294 722 1383 760 τῶν
1418 718 1531 771 παρὰ
1566 722 1657 770 θεῷ
1691 718 1864 770 ζώντων
1909 734 1931 765 5

452 786 472 825 ἑ
495 784 547 826 τὰ
577 787 751 836 λείψανα
770 783 906 835 ἄτιμα.
953 786 1021 825 καὶ
1048 784 1127 837 γὰρ
1151 781 1372 833 Ἐλισσαῖος
1400 781 1425 825 ὃ
1451 783 1663 837 προφήτης
1681 783 1783 836 μετὰ
1812 783 1862 824 τὸ

452 853 622 903 μηθῆναι
660 846 792 892 αὐτὸν
833 849 982 900 νεκρὸν
1019 848 1152 903 ἤγειρε
1188 849 1494 900 ,πεφονευμένον
1532 846 1617 890 ὑπὸ
1656 852 1865 900 ,πειρατῶν

452 916 542 974 21—an
583 913 761 966 ἔψαυσεν
793 914 873 967 γὰρ
907 913 956 956 τὸ
993 918 1109 966 σῶμα
1143 910 1273 955 αὐτοῦ
1305 919 1394 955 τῶν
1430 912 1657 955 Ἐλισσαίου
1691 912 1864 964 ὀστέων,

472 978 649 1027 ἀναστὰς
665 978 822 1033 ἔζησεν·
853 977 932 1021 οὐκ
950 975 1002 1020 ἂν
1030 980 1075 1020 δὲ
1093 978 1269 1031 ἐγεγόνει
1296 985 1438 1028 τοῦτο,
1468 978 1571 1033 εἰμὴ
1600 974 1651 1032 ἦν
1676 978 1728 1020 τὸ
1746 983 1865 1031 σῶμα

452 1045 596 1085 naualem
634 1039 765 1096 ἅγιον.
835 1045 872 1085 6.
911 1045 981 1084 καὶ
1009 1038 1157 1096 Ἰωσὴφ
1196 1040 1220 1084 ὁ
1260 1041 1442 1096 σώφρων
1480 1045 1767 1094 περιεπλέκετο
1802 1048 1865 1094 τῷ
1889 1057 1930 1088 10

452 1108 518 1157 aive
542 1108 645 1161 μετὰ
669 1107 722 1150 τὸ
753 1107 986 1150 ἀποθανεῖν
1014 1107 1106 1150 ὄντι
1133 1109 1198 1150 ἐπὶ
1227 1112 1299 1162 τῆς
1332 1111 1483 1162 κλίνης,
1520 1110 1588 1150 καὶ
1615 1111 1769 1161 Μωσῆς
1796 1110 1866 1167 καὶ

452 1179 524 1222 τοῦς
551 1172 575 1215 ὃ
592 1179 670 1215 τοῦ
690 1178 814 1227 Ναυῆ
832 1175 1081 1225 ἐπεφέροντο
1099 1173 1152 1215 τὰ
1183 1178 1355 1225 λείψανα
1372 1177 1450 1215 τοῦ
1466 1172 1623 1225 Ἰωσήφ,
1651 1173 1865 1226 μολυσμὸν

452 1253 457 1288 ζ
483 1237 532 1298 π*
532 1238 698 1291 οὖμενοι
731 1243 871 1280 τοῦτο.
929 1252 967 1293 7.
1004 1237 1108 1281 ὅθεν
1140 1242 1209 1280 καὶ
1242 1238 1366 1292 ὑμεῖς,
1401 1234 1438 1280 ὦ
1470 1240 1684 1281 ἐπίσκοποι
1719 1241 1788 1280 καὶ
1825 1238 1865 1280 01

452 1306 526 1353 κοί,
559 1302 886 1358 ἀπαρατηρήτως
905 1301 1130 1356 ἁπτόμενοι
1157 1308 1245 1346 τῶν
1272 1305 1576 1358 κεκοιμημένων
1593 1303 1647 1358 μὴ
1675 1306 1865 1358 νομίσητε

453 1370 618 1419 ίνεσθαι,
644 1369 745 1422 μηδὲ
771 1367 1041 1418 βδελύσσεσθε
1068 1368 1120 1410 τὰ
1146 1368 1312 1411 τούτων
1340 1371 1525 1420 λείψανα,
1560 1368 1864 1423 περιϊστάμενοι
1890 1379 1930 1411 15

452 1448 460 1480 ς
483 1432 672 1482 τοιαύτας
705 1434 1007 1487 παρατηρήσεις
1033 1434 1176 1487 μωρὰς
1205 1433 1345 1482 οὔσας·
1378 1436 1447 1476 καὶ
1480 1443 1664 1487 κοσμεῖτε
1694 1433 1864 1482 ἑαυτοὺς

463 1495 638 1551 ἁγιασμῷ
673 1500 741 1541 καὶ
777 1499 1037 1551 σωφροσύνῃ,
1080 1496 1194 1547 ὅπως
1230 1500 1394 1553 μέτοχοι
1427 1504 1498 1553 τῆς
1533 1499 1763 1548 ἀθανασίας
1796 1501 1864 1540 καὶ

453 1567 570 1605 νωνοὶ
608 1569 682 1616 τῆς
717 1566 921 1615 βασιλείας
953 1568 1030 1605 τοῦ
1062 1568 1167 1605 θεοῦ
1203 1565 1379 1618 γένησθε
1408 1567 1476 1605 καὶ
1514 1563 1592 1616 τὴν
1626 1564 1865 1617 ἐπαγγελίαν

452 1633 578 1670 ὄθεοῦ
594 1627 757 1683 λάβητε,
785 1624 1094 1681 ἀναπαυόμενοι
1122 1628 1188 1670 διὰ
1209 1625 1339 1683 Ἰησοῦ
1362 1632 1545 1681 Χριστοῦ
1571 1633 1648 1670 τοῦ
1676 1634 1864 1681 σωτῆρος

452 1695 566 1742 namq.
1098 1705 1102 1710 ·
1888 1704 1932 1735 20

494 1759 527 1799 8.
561 1762 623 1812 Τῷ
656 1752 734 1800 οὖν
767 1760 980 1812 δυναμένῳ
1015 1757 1171 1810 ἀνοῖξαι
1204 1759 1256 1801 τὰ
1288 1754 1376 1801 οὖτα
1408 1764 1497 1800 τῶν
1529 1760 1714 1813 καρδιῶν
1744 1757 1865 1812 ὑμῶν

453 1822 517 1864 ’τὸ
540 1825 833 1876 καταδέχεσθαι
862 1823 914 1865 τὰ
939 1826 1208 1878 διηκονημένα
1236 1828 1312 1865 τοῦ
1338 1829 1444 1866 θεοῦ
1473 1823 1590 1878 λόγια
1618 1823 1687 1865 διά
1714 1839 1758 1865 τε
1786 1830 1864 1865 τοῦ

452 1890 607 1940 «Πελίου
643 1890 712 1930 καὶ
745 1888 813 1929 διὰ
846 1893 917 1941 τῆς
951 1890 1210 1937 διδασκαλίας
1239 1888 1365 1943 Ἰησοῦ
1394 1891 1575 1941 Χριστοῦ
1607 1894 1687 1931 τοῦ
1722 1893 1865 1940 Ναζω-

453 1953 514 2002 ἱου,
536 1959 611 1995 τοῦ
640 1955 959 2006 σταυρωθέντος
987 1955 1052 1995 ἐπὶ
1081 1956 1261 1996 Ποντίου
1281 1953 1463 1995 Πιλάτου
1491 1956 1560 1995 καὶ
1582 1953 1767 2006 Ἡρώδου
1796 1956 1864 1995 καὶ

453 2020 645 2071 τμηθέντος
674 2020 743 2059 καὶ
777 2016 1033 2067 ἀναστάντος
1066 2019 1112 2059 ἐκ
1140 2025 1302 2070 νεκρῶν
1337 2021 1403 2059 καὶ
1438 2018 1564 2060 πάλιν
1591 2021 1865 2072 ,,ἐρχομένου“
1887 2027 1931 2059 25

454 2081 464 2121 2
488 2086 681 2143 avvtelslg
715 2088 795 2126 τοῦ
827 2084 981 2132 αἰῶνος
1014 2083 1142 2136 ,μετὰ
1175 2084 1297 2138 δόξης
1330 2087 1398 2125 καὶ
1438 2084 1646 2136 δυνάμεως
1681 2088 1865 2137 πολλῆς“

452 2147 561 2198 ’ὶτοὺς
576 2151 652 2201 μὲν
669 2148 844 2200 νεκροὺς
863 2146 1160 2201 ἀνεγείροντος,
1187 2155 1250 2199 τῶ
1269 2148 1411 2201 κόσμῳ
1431 2150 1473 2190 δὲ
1490 2151 1606 2197 τέλος
1625 2149 1863 2203 ἐπάγοντος,

452 2210 536 2266 ἀστῳ
560 2216 603 2255 δὲ
621 2214 674 2256 τὰ
701 2213 812 2266 ,πρὸς
828 2212 944 2264 α’ξίαν
973 2210 1272 2272 ἁπονέμοντὲ·
1320 2227 1356 2266 9.
1385 2218 1445 2267 τῷ
1474 2214 1589 2256 δόντι
1617 2213 1713 2269 ἡμῖν
1742 2205 1864 2268 ἇρραὲ

452 2280 500 2319 ἶνα
520 2284 589 2334 τῆς
615 2278 877 2327 ἀναστάσεως
897 2278 1047 2329 ἑαυτὸν
1075 2281 1143 2320 καὶ
1171 2280 1228 2327 είς
1253 2278 1459 2332 οὐρανοὺς
1487 2278 1771 2333 α’ναληφθέντι
1800 2279 1867 2321 διὰ

453 2343 683 2397 ςδυνάμεως
709 2349 790 2386 τοῦ
816 2348 921 2386 θεοῦ
947 2345 1016 2385 καὶ
1042 2344 1201 2396 πατρὸς
1228 2343 1359 2386 αὐτοῦ
1386 2341 1445 2402 ἐστ’
1479 2343 1624 2395 ὄψεσιν
1652 2343 1864 2397 ἡμετέραις
1888 2351 1931 2382 30

491 2454 508 2485 2
527 2452 583 2487 Mt.
607 2461 660 2491 22,
686 2461 737 2495 31.
757 2460 806 2495 32.
831 2471 872 2475 —
895 2454 917 2485 4
939 2451 1017 2485 Luc.
1034 2460 1086 2492 20,
1106 2452 1160 2494 383
1184 2452 1286 2486 Exod.
1306 2462 1333 2495 3,
1350 2451 1380 2485 6.
1406 2471 1445 2477 -
1470 2456 1489 2487 7
1513 2453 1559 2485 1v
1577 2453 1660 2496 Reg.
1683 2462 1730 2495 13,
1749 2462 1799 2486 21.
1824 2472 1863 2476 —

459 2503 524 2540 Gen.
550 2516 598 2549 50,
617 2516 646 2540 1.
670 2525 712 2531 —
736 2509 776 2540 11
801 2505 903 2539 Exod.
931 2515 979 2548 13,
1002 2516 1057 2550 19;
1080 2506 1145 2540 Ios.
1168 2515 1221 2546 24,
1241 2516 1290 2550 32.
1313 2527 1354 2532 —
1378 2509 1420 2541 25
1443 2506 1501 2540 Mt.
1527 2515 1578 2547 24,
1598 2516 1647 2548 30.
1672 2526 1710 2529 —
1735 2509 1777 2540 29
1799 2506 1865 2540 Mc.

467 2568 503 2603 ¹9-
527 2580 561 2585 —
588 2565 633 2595 30
654 2561 730 2594 Act.
759 2569 785 2601 1,
808 2569 840 2603 9.

485 2661 502 2693 8
521 2656 591 2702 γὰρ
616 2662 655 2698 4-
681 2659 745 2692 καὶ
767 2667 787 2690 a
815 2659 820 2700 Ι
849 2659 871 2692 9
894 2651 937 2700 ἦν
958 2663 1034 2701 post
1056 2654 1254 2692 Ἐλισσαίου
1276 2658 1295 2690 b
1319 2657 1340 2690 d
1365 2661 1370 2698 Ι
1397 2661 1436 2692 10
1459 2661 1510 2691 τιῦ
1534 2669 1542 2690 :
1565 2655 1628 2691 τὸν
1649 2658 1672 2690 h
1702 2658 1707 2701 Ι
1739 2662 1779 2692 12
1801 2662 1866 2693 τοῦ

453 2720 468 2743 a
483 2712 503 2745 h
531 2716 536 2754 Ι
567 2716 608 2748 13
633 2706 727 2747 ὅθεν
750 2724 783 2746 κ.
808 2706 910 2753 ὑμεῖς
933 2722 942 2745 :
965 2713 1027 2745 καὶ
1050 2707 1152 2753 ὑμεῖς
1175 2706 1239 2747 οὖν
1261 2722 1281 2755 p
1306 2723 1326 2743 v
1358 2714 1362 2752 Ι
1396 2715 1435 2746 16
1458 2708 1589 2752 αὐτοὺς
1610 2723 1630 2745 a
1660 2714 1663 2754 Ι
1698 2715 1738 2747 18
1762 2710 1865 2756 γενή·

453 2766 488 2801 θε
507 2767 539 2807 h,
560 2769 703 2810 -σησθε
728 2776 747 2799 e
778 2768 784 2806 Ι
810 2767 871 2799 καὶ
893 2770 937 2805 >
960 2766 981 2799 d
1007 2768 1011 2807 Ι
1045 2769 1084 2800 19
1107 2769 1171 2800 τοῦ
1196 2768 1288 2800 θεοῦ
1311 2777 1319 2799 :
1343 2763 1454 2800 αὐτοῦ
1477 2777 1498 2810 p
1522 2778 1542 2798 v
1567 2767 1573 2808 Ι
1600 2769 1695 2807 19120
1717 2767 1868 2801 αἰωνίου

455 2822 529 2864 ›7004-
549 2823 571 2856 b
594 2831 614 2855 e
635 2823 703 2863 121
730 2814 798 2854 οὖν
818 2824 863 2859 >
879 2820 899 2854 b
922 2819 1029 2864 e122
1053 2819 1281 2863 εἰσδέχεσθαι
1306 2831 1326 2864 p
1350 2831 1370 2852 v
1388 2822 1393 2862 ι
1413 2823 1456 2854 27
1480 2820 1518 2855 σὲ
1543 2824 1580 2860 4-
1605 2818 1647 2856 τὸ
1670 2831 1688 2854 e
1708 2822 1713 2864 ι
1735 2820 1865 2856 ἐπανά-

452 2885 494 2916 τος
514 2886 532 2910 e
