2457 3436
821 378 992 407 canones
1018 378 1286 407 APOSTOLORUM
1314 378 1597 408 1²:001,esus‘1·1ci.
1827 366 1951 408 XLIII

452 473 502 513 A.
524 472 750 524 Hamack¹,
781 473 851 515 Ph.
871 473 1037 525 Schaffl,
1065 474 1106 515 F.
1127 474 1178 516 X.
1198 474 1309 515 Funk
1318 477 1346 524 3,
1376 473 1526 516 Rendel
1549 474 1717 515 Hatris⁴.
1764 475 1949 516 Attamen

453 538 527 588 eis,
554 551 657 592 quae
685 537 736 579 de
755 538 944 593 scriptura
971 539 1011 579 in
1032 538 1329 592 Prolegomenis
1358 538 1406 580 ad
1426 553 1554 580 meam
1576 538 1788 580 editionem
1809 553 1845 593 p.
1866 539 1952 580 LIII

457 601 639 643 —LVIII
669 610 709 644 et
736 604 776 644 in
806 610 968 645 tractatu
997 605 1036 645 in
1065 602 1165 646 libro
1189 603 1630 658 Kirchengeschichtliche
1647 604 1950 658 Abhandlungen

457 667 536 708 und
560 667 892 722 Untersuchungen
920 668 956 710 11
984 668 1149 724 (1899),
1179 671 1389 722 236—251
1423 668 1616 723 publicato
1645 668 1735 719 dixi,
1765 669 1950 711 nonnulla

457 730 636 774 addenda
663 740 767 776 sunt.

568 797 784 839 Versiones
803 799 1014 852 scripturae
1034 799 1251 853 aethiopica
1271 805 1310 840 et
1328 799 1501 852 copticae
1522 797 1632 848 duae,
1662 797 1806 840 scilicet
1825 812 1949 839 mem-

458 861 602 916 phitica
630 862 693 904 vel
720 863 917 905 boheirica
947 870 985 905 et
1013 863 1186 905 thebaica
1215 863 1277 905 vel
1300 863 1483 913 sahidica,
1511 864 1587 904 iam
1609 864 1648 904 in
1669 862 1841 905 editione
1862 877 1949 904 mea

459 940 495 980 p.
521 926 633 967 LVII
662 934 996 970 commemoratae
1025 935 1127 970 sunt.
1182 928 1335 970 Interea
1364 935 1484 970 testes
1513 929 1607 970 novi
1636 929 1674 969 in
1703 928 1831 970 lucem
1861 942 1949 982 pro-

460 990 626 1033 dierunt.
674 992 887 1048 Postquam
916 994 991 1034 iam
1012 992 1186 1047 Lagarde
1206 994 1246 1034 in
1268 992 1453 1047 Reliquiis
1474 993 1566 1034 iuris
1586 992 1833 1034 ecclesiastici
1853 994 1949 1034 anti-

460 1058 655 1112 quissimis
673 1071 751 1112 syr.
777 1058 877 1110 1856
898 1072 936 1113 p.
963 1070 1089 1110 19—2
1096 1070 1114 1112 3
1148 1057 1371 1112 particulam
1400 1059 1591 1100 versionis
1614 1059 1784 1113 syriacae
1812 1057 1948 1100 codice

460 1122 634 1164 Parisino
663 1136 740 1177 syr.
767 1123 816 1175 38
845 1122 1023 1164 traditam
1053 1122 1115 1164 vel
1145 1124 1267 1176 capita
1290 1136 1359 1176 3—
1375 1136 1421 1176 14
1441 1122 1624 1177 vulgavit,
1652 1125 1700 1165 A.
1721 1123 1948 1165 Baumstark

461 1187 496 1228 in
516 1186 733 1229 Stromatio
761 1187 1058 1242 archaeologico
1083 1201 1185 1241 1900
1214 1202 1250 1242 p.
1277 1201 1428 1242 15-31
1464 1188 1627 1244 reliquas
1656 1188 1858 1243 particulas
1887 1188 1948 1230 vel

461 1265 491 1292 c.
515 1264 620 1293 1—2
641 1260 680 1294 et
704 1264 860 1306 15—30
879 1267 956 1295 una
985 1267 1074 1294 cum
1104 1254 1285 1295 versione
1304 1254 1539 1307 germanica,
1569 1252 1775 1295 Arendzen
1806 1254 1844 1294 in
1874 1253 1949 1295 The

460 1316 621 1367 Journal
647 1318 693 1372 of
715 1317 951 1372 Theological
971 1317 1116 1359 studies
1135 1317 1188 1359 111
1208 1317 1373 1373 (1901),
1395 1320 1555 1371 59—-80
1575 1326 1723 1360 textum
1754 1319 1945 1373 syriacum

459 1388 585 1422 totum
617 1382 797 1424 versione
826 1381 974 1436 anglica
1002 1382 1150 1424 adiecta
1181 1382 1311 1424 edidit.
1370 1382 1431 1424 Cf.
1471 1382 1728 1438 Theologische
1759 1383 1948 1437 Quartal-

458 1447 591 1501 schrift
614 1459 712 1500 1903
737 1461 773 1501 p.
797 1459 873 1500 319
893 1461 950 1502 sq.
998 1447 1040 1489 E.
1062 1447 1207 1489 Hauler
1236 1462 1258 1489 e
1278 1447 1413 1490 codice
1440 1448 1690 1502 palimpsesto
1711 1448 1947 1498 Veronensi,

460 1513 518 1553 cui
548 1511 765 1565 fragmenta
784 1511 1026 1554 Didascaliae
1055 1521 1094 1554 et
1114 1513 1455 1555 Constitutionurn
1486 1512 1671 1555 ecclesiae
1700 1514 1946 1567 aegyptiacae

460 1576 660 1627 debemus,
689 1577 729 1618 in
758 1576 875 1618 libro:
906 1577 1146 1619 Didascaliae
1165 1579 1436 1632 apostolorum
1465 1577 1682 1631 fragmenta
1702 1577 1947 1619 Veronensia

458 1642 573 1683 latina
597 1654 699 1694 1900
717 1655 753 1695 p.
774 1654 974 1695 93—101,
996 1643 1220 1697 particulam
1242 1643 1432 1685 versionis
1452 1643 1593 1684 veteris
1613 1642 1763 1693 latinae,
1785 1657 1818 1684 c.
1846 1645 1903 1693 18,
1925 1656 1943 1695 5

460 1721 546 1748 -c.
579 1719 642 1760 30,
679 1707 813 1749 edidit.
872 1707 1101 1748 versionem
1137 1707 1325 1749 arabicam
1362 1708 1465 1750 Guil.
1507 1707 1640 1750 Riedel
1674 1707 1875 1762 descripsit
1908 1708 1946 1748 in

457 1771 554 1813 libro
589 1771 666 1812 Die
699 1771 1126 1827 Kirchenrechtsquellen
1160 1773 1221 1813 des
1257 1773 1517 1814 Patriarchats
1550 1773 1807 1813 Alexandrian
1848 1785 1948 1824 1900

458 1850 494 1891 p.
526 1849 573 1878 21
607 1850 664 1891 sq.
694 1845 733 1878 et
762 1839 813 1889 69
842 1851 899 1892 sq.

565 1901 753 1943 particula
782 1903 991 1956 scripturae
1021 1916 1053 1944 c.
1080 1915 1210 1955 3——14
1230 1902 1483 1957 amplectens,
1513 1912 1554 1944 ut
1583 1903 1658 1943 iam
1690 1902 1782 1943 olim
1814 1904 1947 1955 cogni-

455 1974 541 2008 tum
576 1974 670 2017 erat,
707 1966 843 2009 codice
872 1966 1148 2009 ottoboniano
1176 1968 1255 2021 408
1290 1975 1399 2009 textu
1435 1967 1520 2022 plus
1556 1969 1684 2008 minus
1720 1966 1946 2021 divergente

454 2030 630 2074 traditur.
677 2031 756 2073 Th.
776 2031 1017 2073 Schermann
1048 2046 1134 2074 eam
1155 2033 1381 2086 nuperrime
1406 2033 1445 2074 in
1465 2031 1616 2074 duobus
1635 2032 1717 2074 aliis
1737 2032 1947 2083 codicibus,

455 2096 633 2137 Parisino
652 2110 711 2150 gr.
739 2109 836 2149 1555
860 2098 895 2138 A
916 2104 955 2138 et
974 2096 1236 2151 Neapolitano
1262 2110 1320 2151 gr.
1340 2097 1374 2138 ΙΙ
1395 2097 1428 2138 C
1452 2110 1515 2151 34,
1544 2099 1693 2139 invenit
1722 2105 1761 2139 et
1790 2099 1828 2138 in
1849 2097 1947 2140 libro

454 2161 550 2203 Eine
568 2161 902 2216 Elsapostelmoral
928 2162 1016 2202 oder
1043 2162 1101 2203 die
1123 2162 1381 2215 X-Rezension
1408 2163 1474 2203 der
1499 2163 1654 2213 „beiden
1680 2163 1735 2203 W
1732 2167 1823 2217 ege“
1847 2176 1944 2216 1903

453 2227 558 2282 typis
594 2227 795 2282 expressit.
851 2226 963 2268 Olim
997 2235 1123 2269 textus
1159 2226 1456 2269 Ottobonianus
1497 2229 1587 2269 viris
1622 2227 1747 2269 doctis
1784 2242 1805 2269 e
1839 2235 1946 2269 textu

453 2290 615 2345 vulgato
646 2298 849 2346 excerptus
885 2299 924 2334 et
958 2291 1105 2346 aliquot
1132 2292 1229 2334 locis
1260 2306 1281 2334 e
1310 2292 1485 2334 Didache
1520 2300 1717 2334 correctus
1747 2301 1784 2334 et
1813 2300 1946 2334 auctus

453 2355 575 2397 fuisse
602 2355 823 2408 videbatur3
853 2356 985 2398 locum
1015 2358 1148 2411 capitis
1173 2371 1221 2411 14
1241 2357 1383 2411 vulgati
1414 2372 1460 2398 ex
1487 2357 1647 2411 epistula
1666 2356 1861 2398 Barnabae
1881 2356 1946 2398 de-

453 2421 601 2476 sumpti
630 2421 808 2476 inprimis
843 2423 882 2462 in
917 2421 977 2463 illa
1012 2423 1242 2463 recensione
1272 2422 1423 2463 obtinet
1452 2421 1627 2463 Didache
1656 2436 1694 2475 4,
1724 2435 1857 2474 9——14
1886 2422 1945 2463 vel

452 2486 639 2540 particula
659 2486 933 2541 descriptionis
952 2487 1036 2528 viae
1055 2487 1157 2528 vitae
1177 2487 1310 2529 ultima
1331 2486 1529 2528 nonnullis
1558 2487 1761 2528 sententiis
1790 2487 1945 2528 omissis

453 2558 494 2592 et
513 2550 622 2592 aliter
641 2550 851 2607 dispositis.
890 2552 1133 2593 Schermann
1154 2553 1347 2594 rationem
1369 2553 1602 2593 contrariam
1623 2552 1827 2594 contendit
1846 2553 1946 2594 inter

564 2676 572 2693 ¹
598 2671 664 2703 Die
687 2671 786 2703 Lehre
807 2671 865 2703 der
886 2671 986 2714 {wolf
1002 2671 1128 2715 Aposlel
1153 2671 1236 2712 1884
1264 2670 1379 2713 (Texte
1410 2672 1475 2704 uud
1501 2671 1772 2715 Untersuchungen
1802 2682 1857 2713 zur
1883 2671 1944 2704 Ge-

452 2724 581 2757 schichte
603 2725 662 2757 der
684 2725 926 2758 altchristlichen
950 2724 1113 2758 Literatur
1135 2725 1209 2759 edd.
1232 2724 1273 2759 O.
1298 2725 1338 2758 de
1362 2725 1529 2759 Gebhardt
1553 2731 1585 2758 et
1608 2726 1647 2758 A.
1664 2725 1812 2758 Harnack
1836 2725 1875 2765 11,
1901 2725 1944 2767 1).

564 2783 576 2800 ²
606 2778 668 2811 The
696 2779 852 2823 Teache'ng
875 2779 913 2823 of
930 2779 978 2812 the
1006 2778 1131 2811 Twelve
1153 2779 1293 2823 Apostles
1319 2780 1417 2822 1885:
1441 2779 1491 2813 ed.
1514 2779 1558 2811 111
1586 2779 1677 2822 1889.

564 2837 576 2854 ³
598 2833 759 2866 Doctrina
781 2832 955 2866 duodecim
977 2833 1204 2877 apostolorum
1231 2834 1322 2876 1887.

564 2892 572 2908 ¹
604 2886 667 2919 The
695 2886 850 2931 Teaching
873 2888 911 2930 os
927 2887 976 2920 the
998 2887 1137 2932 Apostles
1163 2887 1255 2930 1887.

1754 2941 1815 2974 lv·
