2457 3436
832 274 1098 304 Aposromnuu
1126 275 1206 310 vm,
1234 276 1286 314 35,
1308 276 1426 313 2-37,
1449 277 1478 308 3.

1822 265 1898 304 545

367 382 576 422 carnem,
608 384 748 413 servus
766 378 896 412 autem
915 371 999 412 eius
1026 378 1069 412 ut
1088 371 1161 412 Dei
1183 371 1388 424 unigeniti,
1417 371 1625 424 episcopus
1645 383 1739 412 vero
1761 370 1899 412 Hiero-

368 434 660 490 solymorum
689 434 735 477 ab
764 436 850 489 ipso
876 436 1056 477 Domino
1087 443 1126 477 et
1153 434 1199 477 ab
1228 434 1416 490 apostolis
1444 435 1644 476 ordinatus
1673 435 1767 477 haec
1796 434 1899 477 dico.

373 512 420 542 2.
454 501 579 543 Curn
602 500 720 543 fuerit
738 513 912 555 vespera,
939 499 1198 554 congregabis
1217 499 1433 550 ecclesiam,
1463 513 1490 541 o
1510 501 1713 555 episcope;
1737 508 1775 542 et
1795 508 1900 554 post-

370 579 516 621 quam
548 565 685 607 dictus
712 564 827 607 fuerit
846 564 1016 619 psalmus
1044 564 1261 615 lucernalis,
1290 564 1465 606 recitabit
1485 565 1673 606 diaconus
1702 565 1900 606 orationes

373 641 462 686 pro
497 630 817 681 catechumenis,
852 630 1142 683 energumenis,
1178 629 1493 684 competentibus
1531 636 1569 672 et
1604 629 1902 683 paenitentibus,

375 704 429 737 ut
460 709 597 749 supra
628 694 809 736 diximus,

510 759 713 801 XXXVI.
753 759 934 814 Cumque
977 759 1003 800 ii
1045 758 1194 801 dimissi
1241 758 1395 809 fuerint,
1434 759 1621 800 diaconus
1659 758 1778 801 dicet:
1820 759 1903 809 Qui

377 822 540 867 fideles
561 838 716 875 sumus,
744 838 906 866 oremus
922 824 1158 873 Dominum,
1185 831 1223 865 et
1241 830 1446 878 postquam
1468 824 1685 865 recitaverit
1703 823 1775 873 illa,
1805 837 1902 878 quae

382 890 432 932 in
453 890 597 945 prima
616 890 809 940 oratione,
829 888 950 931 dicet:
991 901 1029 930 2.
1050 888 1285 943 (XXXVI).
1311 888 1431 930 Serva
1451 895 1490 929 et
1509 889 1650 930 suscita
1670 901 1757 938 nos,
1782 888 1903 938 Deus,

388 968 467 1009 per
488 953 705 997 Christum
724 961 848 996 tuum.
900 966 935 1007 3.
963 954 1143 995 Suscitati
1163 952 1407 1008 postulemus
1427 952 1714 994 misericordias
1737 954 1900 995 Domini

390 1026 521 1074 atque
540 1019 831 1061 ‘miserationes
860 1019 956 1069 eius,
984 1017 1168 1072 angelum
1197 1019 1281 1072 paci
1310 1019 1590 1071 praepositum,
1618 1017 1722 1059 bona
1752 1026 1790 1060 et
1810 1033 1904 1060 con-

394 1083 604 1134 ducibilia,
638 1083 761 1126 finem
788 1084 889 1126 vitae
918 1084 1184 1134 christianum,
1217 1097 1420 1137 vesperam
1457 1090 1694 1138 noctemque
1730 1091 1902 1137 pacatam

398 1163 447 1191 ac
465 1156 640 1204 peccato
660 1163 821 1191 vacuam
842 1156 1106 1203 cunctumque
1118 1149 1219 1190 vitae
1239 1155 1396 1189 nostrae
1416 1156 1570 1202 tempus
1591 1149 1903 1202 irreprehensum

401 1213 672 1268 postulemus.
721 1214 808 1256 Nos
836 1214 944 1268 ipsos
971 1221 1085 1268 atque
1115 1214 1283 1255 invicem
1312 1213 1457 1254 viventi
1487 1213 1576 1254 Deo
1605 1226 1674 1268 per
1702 1213 1903 1255 Christum

406 1279 494 1320 eius
521 1278 869 1320 commendemus.

519 1343 733 1385 XXXVII.
771 1344 818 1385 Et
855 1344 1063 1399 episcopus
1100 1356 1218 1384 orans
1256 1343 1378 1385 dicat:
1434 1355 1456 1383 2
1493 1342 1745 1398 (XXXVII).
1784 1344 1904 1392 Deus,

412 1409 592 1463 principii
628 1422 766 1463 expers
800 1422 844 1450 ac
877 1407 957 1449 fine
985 1422 1133 1459 carens,
1168 1408 1345 1449 omnium
1377 1421 1447 1461 per
1474 1407 1674 1449 Christum
1708 1407 1838 1462 opifex
1868 1415 1906 1450 et

415 1481 560 1524 rector,
588 1481 681 1515 ante
698 1481 837 1515 cuncta
865 1486 961 1515 vero
990 1472 1088 1515 illius
1113 1473 1221 1514 Deus
1250 1487 1294 1514 ac
1323 1480 1443 1526 pater,
1471 1473 1625 1526 spiritus
1654 1473 1838 1514 dominus
1869 1480 1906 1514 et

423 1552 560 1581 eorum
589 1553 672 1589 rex,
700 1552 800 1593 quae
827 1537 1001 1592 intellegi
1028 1552 1073 1579 ac
1102 1538 1235 1579 sentiri
1265 1545 1449 1593 possunt;
1479 1538 1543 1592 qui
1573 1536 1696 1579 fecisti
1725 1537 1828 1579 diem
1858 1537 1905 1579 ad

421 1617 536 1658 opera
567 1603 666 1645 lucis
700 1611 739 1645 et
772 1611 933 1645 noctem
962 1602 1010 1644 ad
1044 1604 1219 1658 requiem
1255 1602 1490 1644 infirmitatis
1528 1610 1703 1653 nostrae;
1738 1617 1906 1657 namque

425 1675 503 1711 tuus
520 1675 575 1709 est
601 1668 679 1709 dies
698 1675 733 1709 et
758 1676 826 1709 tua
845 1675 898 1709 est
913 1682 1010 1717 nox;
1036 1675 1078 1709 tu
1106 1669 1246 1722 aptasti
1263 1667 1382 1708 lucem
1411 1675 1444 1708 et
1465 1667 1576 1708 solem
1585 1682 1602 1716 ;
1629 1668 1710 1721 ipse
1730 1675 1770 1709 et
1789 1682 1906 1717 nunc,

426 1732 608 1785 Domine,
648 1733 857 1775 hominum
892 1740 1045 1774 amator
1080 1746 1125 1774 ac
1159 1734 1322 1787 optime,
1362 1733 1515 1786 suscipe
1553 1732 1767 1774 clementer
1809 1732 1908 1774 hanc

429 1805 593 1840 nostram
621 1799 833 1853 gratiarum
862 1798 1060 1840 actionem
1088 1798 1362 1852 vespertinam.

1422 1810 1456 1850 3.
1489 1797 1572 1847 Qui
1604 1797 1805 1839 traduxisti
1834 1812 1908 1839 nos

431 1875 488 1915 per
514 1861 591 1905 diei
620 1861 910 1917 longitudinem
941 1869 980 1904 et
1007 1862 1150 1905 duxisti
1177 1862 1226 1904 ad
1250 1863 1377 1903 noctis
1406 1863 1524 1913 initia,
1555 1862 1708 1904 custodi
1737 1876 1811 1903 nos
1841 1877 1909 1917 per

432 1926 619 1969 Christum
649 1934 781 1978 tuum;
809 1926 1053 1982 tranquillam
1083 1926 1223 1981 praebe
1252 1941 1455 1981 vesperam
1485 1934 1524 1968 et
1553 1935 1714 1968 noctem
1744 1935 1905 1981 peccato
1931 1934 1973 1965 25

432 1990 590 2042 liberam,
625 1999 742 2047 atque
771 2005 846 2033 nos
873 1992 951 2034 vita
979 1999 1135 2033 aeterna
1162 1991 1322 2044 dignare
1353 2006 1422 2045 per
1449 1992 1648 2034 Christum
1679 2000 1804 2043 tuum,
1842 2006 1911 2047 per

463 2132 614 2167 XXXVI.
638 2129 899 2176 Προσφαῖνησις
922 2129 1131 2176 ἐπιλύχνως.

431 2186 534 2221 Oratio
557 2186 745 2220 lucernalis.

463 2251 489 2274 1.
515 2238 560 2275 τὰ
585 2243 650 2283 τῆς
671 2237 815 2283 πρώτης
842 2236 962 2283 εὐχῆς]
991 2251 1038 2274 sc.
1059 2251 1132 2274 ora-

426 2295 542 2329 tionem
570 2293 720 2328 fidelium
749 2304 777 2328 c.
810 2304 860 2334 10,
884 2303 1007 2337 3—213
1035 2293 1076 2328 cf.
1105 2305 1133 2329 c.

426 2357 470 2389 12,
499 2360 535 2390 1;
569 2357 624 2390 41,
661 2358 688 2383 ι.
734 2347 848 2386 Quam
881 2349 1065 2382 orationem
1101 2349 1135 2382 in

422 2402 533 2438 officiis
558 2402 752 2447 vespertino
775 2413 814 2436 ac
835 2403 997 2436 matutino
1018 2402 1135 2436 recita-

419 2464 483 2491 tam
496 2457 601 2491 fuisse
612 2461 753 2490 testatur
764 2457 862 2490 etiam
876 2456 1135 2501 chrysostomus

419 2511 454 2545 In
481 2511 495 2545 1
519 2511 612 2545 Tim.
639 2510 733 2544 hom.
761 2510 817 2550 Vl,
847 2520 860 2543 1
893 2511 1022 2544 dicens:
1050 2508 1137 2544 καθ’

417 2563 576 2609 ἑκάστην
599 2560 740 2609 ἡμέραν
761 2561 843 2608 γάρ,
867 2566 928 2598 καὶ
946 2563 986 2599 ἐν
1002 2563 1136 2611 ἑσπέρᾳ

416 2621 478 2654 καὶ
502 2619 544 2654 ἐν
564 2617 702 2665 πρωΐᾳ,
732 2643 742 2652 .
765 2643 774 2652 .
800 2614 889 2661 ὑπὲρ
919 2616 1052 2658 παντὸς
1074 2621 1138 2653 τοῦ

417 2672 562 2717 κόσμου
591 2675 658 2707 καὶ
687 2672 869 2716 βασιλέων
901 2674 964 2707 καὶ
993 2669 1138 2707 πάντων

417 2732 491 2763 τῶν
518 2727 560 2763 ἐν
586 2723 750 2771 ὕπεροχῇ
783 2722 899 2762 ὄντων
930 2723 1137 2769 ποιούμεθα

419 2781 483 2825 τὴν
504 2782 644 2826 δέησιν,
733 2776 822 2824 ὑπὲρ
844 2784 922 2816 τῶν
940 2783 1089 2815 πιστῶν.

483 2837 611 2878 Furta,
634 2837 766 2870 nume
788 2845 828 2870 ιτ
851 2836 997 2870 Coum.
1020 2846 1071 2870 ΑΡ.
1116 2836 1140 2869 1.

1244 2141 1339 2174 2—3.
1364 2131 1415 2166 Cf.
1440 2143 1467 2165 c.
1492 2132 1522 2172 6,
1545 2134 1581 2173 8;
1609 2133 1656 2174 38,
1685 2143 1711 2165 x.
1736 2142 1764 2167 2.

1246 2196 1272 2229 3.
1288 2184 1351 2220 τὸν
1365 2182 1521 2230 ἄγγελον
1535 2184 1597 2220 τὸν
1610 2185 1666 2220 ἐπὶ
1680 2190 1742 2230 τῆς
1755 2184 1909 2230 εἰρήνης]

1200 2241 1251 2274 De
1266 2240 1387 2284 angelo
1398 2241 1485 2285 pacis
1498 2240 1685 2274 cf.Henoch
1702 2250 1749 2282 52,
1766 2250 1797 2282 5;
1814 2250 1863 2283 53,
1874 2250 1911 2281 4;

1203 2304 1252 2336 54,
1274 2303 1310 2335 4;
1342 2293 1391 2337 56,
1416 2303 1453 2334 23
1482 2295 1535 2334 60,
1564 2303 1621 2334 24;
1656 2295 1752 2327 Basil.
1777 2295 1835 2338 Ep.
1862 2305 1910 2328 11.

1201 2349 1311 2382 Patres
1326 2349 1423 2381 etiam
1440 2349 1522 2381 alios
1534 2348 1657 2381 similes
1669 2348 1807 2391 angelos
1820 2359 1910 2382 com-

1201 2408 1403 2436 memorant:
1427 2402 1580 2447 angelum
1596 2403 1813 2446 paenitentiae
1831 2402 1913 2435 Her-

1202 2467 1273 2490 mas
1296 2456 1364 2490 Vis.
1388 2456 1429 2496 V,
1453 2466 1488 2499 7;
1523 2456 1680 2490 Clemens
1703 2456 1797 2489 Alex.
1828 2456 1912 2494 Quis

1203 2511 1293 2544 dives
1317 2521 1345 2544 c.
1361 2519 1403 2550 42
1427 2522 1457 2554 p.
1476 2509 1554 2554 961;
1579 2510 1733 2552 angelum
1757 2510 1912 2543 orationis

1203 2565 1421 2598 Tertullianus
1446 2565 1496 2598 De
1514 2565 1663 2597 oratione
1687 2575 1715 2598 c.
1735 2573 1789 2605 123
1812 2574 1912 2608 ange-

1205 2619 1271 2652 lum
1305 2619 1456 2662 baptismi
1489 2618 1576 2652 idem
1610 2618 1662 2651 De
1692 2618 1855 2662 baptismo
1885 2629 1912 2651 c.

1203 2682 1298 2714 4-5,
1323 2678 1384 2706 etc.

1247 2726 1415 2759 XXXVII.
1455 2723 1670 2769 Εὕχαριστιά
1705 2723 1915 2769 ἐπιλὺχνιος.

1205 2781 1389 2815 Gratiarum
1413 2781 1499 2813 actio
1523 2780 1704 2813 lucernalis.

1745 2837 1786 2868 35

1928 964 1968 995 10

1931 1288 1969 1319 15

1930 1611 1972 1642 20
